3175 4825
1437 302 1482 339 c.
1524 288 1571 339 7.
2664 280 2738 343 29

275 453 452 516 cium
511 451 756 514 exstitit
811 450 999 515 amici
1043 451 1108 512 in
1157 448 1452 532 periculis
1501 451 1616 511 aut
1662 448 1969 512 adeundis
2018 448 2133 511 aut
2178 445 2739 523 communicandis,

279 559 427 641 quis
475 560 592 633 est,
638 557 749 639 qui
793 557 859 621 id
905 575 1034 620 non
1073 556 1365 620 maximis
1399 554 1623 619 efferat
1667 554 2009 618 laudibus?
2073 551 2195 632 Qui
2245 554 2554 618 clamores
2600 554 2739 617 tota

277 684 475 731 cavea
520 683 725 747 nuper
769 664 837 727 in
882 663 1151 746 hospitis
1200 667 1266 726 et
1311 662 1499 726 amici
1528 662 1651 725 mei
1688 661 1773 725 Μ.
1802 660 2041 727 Pacuvi
2084 678 2249 724 nova
2294 659 2543 725 fabula!
2591 678 2740 725 cum

280 772 617 854 ignorante
663 789 830 853 rege,
875 773 1024 834 uter
1056 768 1319 835 Orestes
1364 772 1534 845 esset,
1581 766 1855 849 Pylades
1886 766 2181 833 Orestem
2212 785 2280 831 se
2312 785 2450 831 esse
2482 766 2741 844 diceret,

279 881 360 943 ut
404 897 518 962 pro
563 878 674 942 illo
703 878 1060 953 necaretur,
1109 874 1369 941 Orestes
1402 877 1638 952 autem,
1683 875 1777 938 ita
1822 876 1897 938 ut
1942 876 2099 953 erat,
2146 872 2440 939 Orestem
2486 891 2554 938 se
2599 891 2741 939 esse
2838 922 2845 929 -

279 985 738 1069 perseveraret.
817 983 1078 1048 Stantes
1124 982 1516 1066 plaudebant
1559 982 1626 1045 in
1674 999 1743 1046 re
1788 981 1973 1045 ficta:
2035 980 2187 1063 quid
2234 980 2621 1045 arbitramur
2676 980 2743 1045 in

283 1110 437 1156 vera
481 1091 762 1156 facturos
810 1089 1056 1154 fuisse?
1111 1089 1334 1153 'Facile
1367 1088 1691 1153 indicabat
1719 1088 1859 1171 ipsa
1887 1089 2122 1152 natura
2166 1087 2297 1151 vim
2344 1105 2549 1164 suam,
2595 1106 2744 1152 cum

281 1199 603 1274 homines,
663 1197 828 1279 quod
890 1196 1096 1262 facere
1157 1195 1279 1278 ipsi
1337 1214 1464 1259 non
1520 1196 1806 1278 possent,
1862 1194 1926 1258 id
1986 1196 2158 1259 recte
2217 1194 2356 1258 fieri
2412 1194 2480 1257 in
2542 1194 2743 1259 altero

281 1305 660 1370 iudicarent.

1355 1428 1674 1438 ..——-—-————

471 1589 800 1654 Hactenus
856 1588 1014 1652 mihi
1060 1587 1274 1652 videor
1320 1587 1398 1652 de
1446 1587 1729 1651 amicitia
1774 1586 1926 1668 quid
1974 1586 2281 1651 sentirem
2324 1588 2608 1671 potuisse
2655 1587 2750 1653 di-

289 1715 468 1775 cere;
519 1696 573 1760 si
620 1714 784 1777 quae
830 1696 1160 1779 praeterea
1206 1696 1359 1759 sunt
1404 1693 1618 1779 (credo
1664 1694 1884 1758 autem
1930 1711 2068 1757 esse
2112 1694 2374 1777 multa),
2420 1694 2499 1758 ab
2544 1695 2649 1773 iis,
2695 1695 2751 1759 si

291 1803 630 1877 videbitur,
678 1802 788 1884 qui
831 1803 960 1866 ista
1005 1801 1354 1885 disputant,
1401 1801 1775 1883 quaeritote.

291 2085 363 2138 in
391 2103 449 2154 p.
487 2084 754 2139 adeundis
788 2090 886 2139 aut
921 2085 1214 2153 commem]
1261 2083 1472 2152 „darin,
1579 2100 1640 2137 rc
1681 2083 1835 2152 ficta]
1887 2099 2002 2150 „wo
2051 2098 2109 2136 es
2156 2082 2271 2136 sich
2318 2083 2453 2137 doch
2502 2100 2607 2137 nur
2645 2124 2656 2135 .
2693 2125 2705 2136 .
2742 2124 2754 2136 .

292 2174 417 2229 dass
468 2190 530 2227 er
735 2173 988 2227 autsucht
1025 2213 1037 2225 .
1071 2212 1128 2226 ..
1175 2171 1353 2226 teilt“.
1404 2203 1473 2211 —
1581 2171 1894 2238 handelte“‚
1960 2172 2064 2241 vgl.
2128 2189 2195 2225 zu
2248 2175 2280 2241 ξ
2342 2174 2376 2228 9
2432 2173 2527 2227 sed
2575 2173 2640 2226 hi
2691 2173 2760 2227 in

293 2263 582 2331 clanwres]
623 2261 1084 2328 ,‚Beifallrusen“.
1138 2293 1205 2301 -
1257 2260 1332 2313 Μ.
1365 2260 1474 2314 Pa·
1576 2260 1785 2330 pueris.
1834 2292 1901 2301 —
1952 2261 2087 2329 quid
2130 2260 2473 2315 arbitramur
2638 2260 2756 2330 fac-

293 2350 494 2405 cum‘us
529 2366 625 2404 aus
663 2350 1022 2418 Brundisium,
1069 2349 1186 2420 geb.
1224 2366 1317 2403 um
1353 2350 1476 2417 220,
1585 2355 1735 2404 turos
1783 2349 1976 2419 fuisse]
2030 2365 2173 2419 „was
2220 2349 2442 2404 wiirden
2489 2350 2567 2405 sie
2617 2349 2758 2405 wohl

295 2441 476 2510 gleich
513 2440 718 2494 seinem
755 2440 944 2495 Oheim
982 2439 1213 2506 EnniuS,
1259 2440 1382 2492 dem
1418 2455 1479 2492 er
1584 2455 1681 2508 gar
1718 2443 1857 2506 ...“,
1894 2455 1937 2493 s.
1969 2457 2035 2492 zu
2071 2442 2103 2508 ξ
2141 2441 2209 2495 14
2244 2439 2343 2493 cwi
2368 2456 2659 2494 commu-3.
2691 2472 2758 2481 —

299 2530 442 2584 nach
476 2530 613 2584 Rom
649 2529 832 2599 folgte,
882 2529 971 2583 ein
1011 2528 1320 2583 beriihmter
1352 2529 1478 2584 'rra-

299 2618 719 2688 giidiendichter.
805 2617 1056 2672 Gemeint
1101 2618 1173 2672 ist
1219 2617 1340 2671 hier
1383 2617 1482 2671 der

301 2706 721 2776 „Dulorestes“,
761 2707 850 2761 ein
877 2707 1043 2761 Stiick
1077 2705 1362 2762 ahnlichen
1388 2705 1480 2760 In-

301 2794 446 2850 halts
494 2795 595 2850 wie
649 2795 736 2850 die
789 2794 1069 2864 Iphigenia
1114 2795 1336 2850 Taurica
1386 2795 1482 2848 des

301 2884 615 2954 Euripides3
665 2884 795 2939 aber
841 2884 1020 2939 dieser
1064 2883 1192 2940 laist
1234 2883 1322 2939 die
1366 2883 1485 2938 hier

302 2973 582 3028 erwiihnte
617 2973 787 3028 Scene
824 2972 978 3027 nicht
1012 2990 1109 3028 vor
1136 2973 1321 3041 ThoaS,
1359 2988 1481 3027 son-

299 3063 443 3118 dern
481 3078 578 3116 vor
611 3062 890 3131 Iphigenia
925 3063 1040 3116 sich
1087 3061 1374 3131 abspielen.
1414 3093 1481 3101 —

305 3151 392 3206 ita
425 3156 490 3205 ut
523 3153 660 3221 crui]
706 3151 817 3206 Das
864 3151 1120 3206 deutsche
1168 3150 1483 3221 „wirklich“

307 3241 382 3294 ist
417 3239 585 3294 sehon
621 3239 678 3293 in
712 3257 825 3295 esse
850 3239 1140 3294 euthalten.
1180 3271 1249 3280 —
1284 3245 1486 3294 stantes

299 3329 656 3399 plaudebant]
709 3329 931 3384 Danach
995 3328 1150 3383 sollte
1212 3345 1338 3384 man
1401 3345 1486 3383 er-

312 3419 535 3486 warten,
581 3418 700 3474 dats
736 3434 795 3472 es
829 3419 997 3472 schon
1034 3435 1102 3473 zu
1137 3417 1334 3474 L‘alius’
1373 3418 1491 3474 Zeit

305 3505 599 3578 Sitzpliitze
649 3506 724 3560 im
771 3507 996 3562 Theater
1044 3508 1281 3577 gegeben
1334 3508 1487 3575 habe,

309 3596 570 3652 wahrend
605 3597 683 3650 sie
720 3596 858 3651 doch
906 3598 1019 3651 erst
1053 3597 1340 3667 Pompeius
1377 3597 1489 3652 ein-

311 3685 558 3740 richtete.
659 3685 805 3740 Aber
866 3684 974 3742 Cic.
1037 3685 1292 3741 schildert
1354 3686 1489 3754 hier,

310 3789 427 3830 was
463 3789 524 3828 er
558 3773 726 3830 selbst
760 3773 932 3830 erlebt
965 3774 1083 3844 hat,
1131 3776 1237 3846 vgl.
1273 3777 1357 3831 De
1392 3775 1490 3829 fin.

313 3863 384 3931 V,
420 3863 510 3931 22,
547 3865 642 3920 63:
680 3863 830 3932 „Qui
857 3864 1114 3920 clamores
1150 3865 1298 3934 vulg-i
1333 3867 1492 3936 atque

313 3952 685 4022 imperitorum
753 3953 1057 4008 excitantur
1124 3955 1184 4007 in
1254 3953 1493 4023 theatris,

311 4057 442 4095 cum
475 4039 570 4095 illa
604 4041 881 4096 dicuntur:
921 4042 1056 4112 ,Ego
1092 4058 1214 4097 sum
1250 4043 1492 4098 Orestes‘

311 4131 612 4199 contraque
649 4129 716 4184 ab
752 4129 944 4185 altero:
984 4131 1182 4199 ,Immo
1220 4131 1495 4187 enimvero

313 4233 419 4288 ego
445 4233 583 4286 sum,
607 4218 841 4288 inquam,
877 4219 1150 4274 Orestesl‘
1182 4260 1194 4272 .
1217 4260 1230 4272 .
1254 4261 1267 4273 .
1297 4220 1496 4289 ,Ambo

312 4321 448 4376 ergo
483 4323 593 4361 una
625 4307 872 4363 necarier
905 4310 1270 4377 precamur‘.“
1312 4339 1380 4350 -
1431 4310 1497 4364 in

429 4395 703 4452 &onoma
730 4398 956 4453 muns
981 4415 1050 4452 mn
1076 4415 1324 4455 monn.

1584 2530 1813 2598 natura]
1847 2528 1949 2582 Mit
1994 2528 2173 2582 dieser
2207 2528 2489 2599 Berufung
2536 2529 2632 2583 auf
2666 2529 2761 2584 das

1589 2617 1935 2685 „natiirliche
1990 2617 2189 2672 Geffihl
2204 2620 2237 2648 “
2291 2618 2389 2672 der
2450 2617 2761 2687 Mensohen,

1588 2705 1823 2761 welches
1856 2705 2253 2760 unwillkiirlich
2277 2706 2482 2776 (facik)
2517 2707 2613 2762 das
2648 2724 2762 2762 mo-

1590 2795 1790 2850 ralisch
1838 2794 2047 2850 Schone
2094 2795 2307 2850 wahrer
2354 2795 2763 2851 Freundesliebe

1591 2885 1913 2953 anerkenne,
1951 2883 2194 2940 schliesst
2227 2885 2327 2939 der
2353 2887 2495 2940 erste
2522 2885 2634 2939 Teil
2669 2886 2769 2940 der

1590 2971 1964 3042 Abhandlung,
2001 2972 2172 3027 wobei
2207 2973 2309 3026 mit
2342 2973 2477 3042 quid
2508 2974 2768 3028 sentirem

1593 3060 1966 3117 ausdriicklich
2019 3061 2203 3131 Bezug
2262 3079 2580 3131 genommen
2634 3063 2767 3117 wird

1594 3152 1689 3206 auf
1732 3151 1818 3205 die
1865 3166 1972 3204 von
2021 3150 2257 3205 Fannius
2306 3153 2338 3221 ᾖ
2376 3154 2444 3208 16
2481 3169 2526 3205 a.
2566 3153 2625 3206 E.
2675 3169 2768 3222 ge-

1593 3239 1797 3309 gebene
1846 3239 2184 3308 Disposition.
2259 3240 2381 3294 Nur
2428 3257 2525 3294 zur
2569 3240 2769 3295 Beant·

1594 3331 1841 3399 wortung
1864 3329 1962 3383 der
1988 3330 2183 3400 ersten,
2220 3329 2573 3400 allgemeinen
2600 3331 2770 3400 Frage

1595 3418 1743 3472 ffihlt
1796 3418 1911 3474 sich
1965 3420 2025 3474 L.
2082 3418 2307 3474 berufen
2360 3437 2414 3473 u.
2479 3419 2771 3489 imstaude;

1598 3507 1687 3561 ein
1735 3507 1982 3563 weiteres
2026 3507 2303 3577 Eingehen
2355 3508 2509 3563 lehnt
2563 3525 2624 3563 er
2677 3525 2770 3564 zu-

1598 3596 1790 3652 niichst
1844 3597 1926 3651 ab.
1984 3629 2052 3637 --
2104 3603 2242 3652 recte
2292 3598 2450 3668 fieri]
2507 3597 2631 3668 „als
2684 3597 2774 3652 die

1599 3686 1783 3740 rechte
1830 3686 2366 3756 Handlungsweise“.
2418 3720 2486 3728 —
2536 3687 2594 3741 si
2636 3703 2774 3757 quae

1591 3779 1873 3845 praeterea
1897 3776 2048 3845 θωπί]
2087 3791 2231 3845 „was
2259 3777 2398 3831 etwa
2422 3777 2561 3831 noch
2588 3777 2776 3831 weiter

1600 3863 1853 3933 (dariiber
1898 3881 1965 3917 zu
2010 3865 2195 3934 sagon)
2232 3865 2361 3920 ist“.
2419 3897 2487 3906 —
2542 3866 2599 3919 si
2631 3865 2775 3920 mile-

1600 3954 1769 4024 bitur]
1820 3953 2025 4008 urbane
2060 3953 2362 4023 Milderung
2407 3955 2501 4009 des
2537 3955 2777 4024 Impera-

1600 4043 1707 4097 tivs
1744 4043 1981 4113 „wenn’s
2017 4042 2215 4098 beliebt
2226 4044 2284 4111 “3
2321 4059 2507 4114 wegen
2533 4044 2629 4097 des
2655 4043 2779 4098 Fut.

1603 4148 1645 4186 s.
1684 4131 2001 4202 zumdabt't
2034 4134 2067 4203 5
2100 4134 2187 4188 59.
2239 4164 2308 4172 -
2359 4133 2460 4202 qui
2503 4132 2617 4186 vista
2661 4133 2779 4186 dis-

1595 4221 1819 4291 putant]
1855 4220 2174 4276 bezeichnet
2208 4221 2295 4276 die
2332 4221 2783 4291 bemfsmatsigen

1602 4308 1979 4381 Philosophen‚
2016 4310 2103 4365 die
2138 4310 2296 4365 docti.

2313 4402 2349 4454 3
