3175 4825
417 307 487 367 10
1198 307 1468 363 Ciceronis
1504 307 1716 362 Laelius
1753 309 1819 361 de
1858 308 2091 362 amicitia

421 470 531 551 qui
578 472 645 533 et
676 469 1037 534 diutissime
1085 488 1276 535 senex
1322 470 1549 534 fuisset
1597 472 1662 535 et
1706 471 1772 533 in
1817 470 1957 553 ipsa
1990 472 2317 535 senectute
2348 473 2603 553 praeter
2634 475 2888 537 ceteros

418 576 758 654 floruisset,
806 577 912 652 sic,
961 596 1108 641 cum
1147 578 1611 659 accepissemus
1661 596 1699 641 a
1743 576 2032 659 patribus
2078 578 2353 642 maxime
2401 579 2887 643 memorabilem

421 682 489 748 C.
534 682 720 747 Laeli*
758 686 825 747 et
868 683 938 746 P.
989 682 1297 766 Scipionis
1360 683 1863 748 familiaritatem
1923 683 2150 761 fuisse,
2211 684 2439 748 idonea
2499 685 2656 749 mihi
2700 685 2886 750 Laeli

417 808 687 873 persona
732 789 869 853 visa
915 792 1032 867 est,
1080 808 1242 871 quae
1293 790 1370 854 de
1418 790 1699 855 amicitia
1745 809 1821 855 ea
1864 792 2005 873 ipsa
2051 791 2408 867 dissereret,
2456 809 2618 872 quae
2665 791 2885 875 dispu—

419 898 561 960 tata
621 897 700 960 ab
761 914 832 960 eo
892 897 1292 962 meminisset
1356 896 1676 962 Scaevola.
1778 898 1996 963 Genus
2057 900 2275 962 autem
2332 898 2453 962 hoc
2512 917 2889 963 sermonum

418 1004 700 1086 positum
769 1004 835 1066 in
895 1003 1227 1068 hominum
1287 1007 1580 1069 veterum
1642 1005 2021 1069 auctoritate
2083 1006 2148 1069 et
2217 1023 2437 1069 eorum
2505 1006 2879 1070 inlustrium

419 1112 564 1192 plus
612 1110 826 1174 nescio
875 1129 1000 1192 quo
1046 1112 1232 1192 pacto
1279 1110 1532 1175 videtur
1577 1111 1810 1175 habere
1858 1111 2229 1192 gravitatis3
2288 1112 2507 1192 itaque
2553 1112 2688 1195 ipse
2734 1131 2885 1176 mea

418 1218 635 1299 legens
687 1217 777 1281 sic
808 1216 1064 1281 adficior
1093 1217 1436 1294 interdum,
1483 1219 1558 1280 ut
1590 1216 1917 1294 Catonem,
1962 1236 2088 1281 non
2134 1236 2237 1281 me
2284 1218 2459 1299 loqui
2506 1219 2892 1283 existimem-

372 1342 399 1383 ι
425 1322 548 1387 Sed
597 1324 672 1385 ut
719 1326 859 1387 tum
907 1323 987 1386 ad
1036 1342 1253 1388 senem
1303 1342 1492 1387 senex
1539 1323 1617 1387 de
1665 1325 2023 1400 senectute,
2084 1324 2176 1388 sic
2220 1324 2339 1388 hoc
2384 1324 2543 1389 libro
2592 1325 2673 1389 ad
2721 1324 2889 1389 ami-

422 1448 570 1494 cum
618 1430 1042 1493 amicissimus
1091 1430 1312 1512 scripsi
1359 1430 1436 1495 de
1484 1430 1781 1494 amicitia.
1873 1430 2037 1493 Tum
2084 1432 2185 1494 est
2230 1429 2387 1495 Cato
2435 1431 2704 1508 locutuS,
2753 1450 2889 1513 quo

423 1539 562 1600 erat
618 1555 803 1601 nemo
866 1536 995 1601 fere
1057 1537 1264 1601 senior
1324 1538 1717 1620 temporibus
1775 1537 1935 1613 illis,
1994 1556 2179 1601 nemo
2239 1537 2648 1619 prudentior;
2707 1558 2889 1603 nunc

421 1643 678 1707 Laelius
739 1646 806 1707 et
865 1644 1117 1725 sapiens
1165 1644 1282 1726 (sic
1329 1644 1498 1708 enim
1545 1646 1647 1707 est
1690 1642 1976 1725 habitus)
2024 1645 2090 1707 et
2146 1644 2461 1708 amicitiae
2517 1645 2718 1726 gloria
2778 1663 2889 1709 ex·

424 1751 658 1815 cellens
706 1750 783 1814 de
832 1750 1112 1814 amicitia
1157 1751 1472 1831 loquetur.
1563 1750 1661 1813 Tu
1718 1750 1907 1814 velim
1964 1768 2002 1813 a
2055 1768 2158 1813 me
2204 1750 2493 1814 animum
2538 1769 2893 1833 parumper

426 1859 693 1934 avertas,
739 1857 1031 1921 Laelium
1078 1858 1252 1939 loqui
1297 1858 1510 1940 ipsum
1555 1859 1763 1940 putes.
1841 1856 1910 1922 C.
1954 1856 2236 1920 Fannius
2284 1858 2349 1919 et
2396 1855 2469 1935 Q.
2501 1857 2751 1921 Mucius
2799 1857 2883 1921 ad

426 1983 714 2028 socerum
761 1964 1025 2028 veniunt
1070 1966 1215 2047 post
1262 1966 1536 2028 mortem
1581 1963 1895 2037 Africani;
1960 1964 2038 2027 ab
2094 1963 2194 2027 his
2242 1982 2449 2027 sermo
2498 1964 2727 2040 oritur,
2784 1983 2892 2029 re-

425 2070 692 2154 spondet
721 2071 996 2148 LaeliuS,
1043 2070 1224 2135 cuius
1271 2072 1412 2134 tota
1453 2070 1800 2152 disputatio
1834 2071 1933 2133 est
1965 2069 2042 2134 de
2074 2069 2371 2145 amicitia,
2421 2088 2614 2151 quam
2661 2071 2891 2152 legens

423 2180 488 2241 te
534 2178 668 2260 ipse
716 2196 1071 2259 cognosces

423 2406 556 2461 eius.
590 2440 657 2446 —
695 2406 1028 2476 diutissime]
1059 2405 1185 2462 Cato
1215 2406 1480 2460 erreichte
1510 2404 1598 2460 ein
1781 2420 1826 2459 5.
1883 2404 2012 2476 Sed]
2064 2405 2247 2459 Damit
2296 2403 2471 2458 bricht
2519 2404 2627 2460 Cic.
2677 2404 2763 2460 die
2808 2404 2890 2460 im

424 2495 577 2550 Alter
625 2513 730 2549 von
778 2497 849 2551 85
898 2496 1126 2563 Jahren,
1184 2513 1244 2549 er
1297 2496 1442 2550 starb
1493 2498 1597 2551 149
1706 2494 1922 2564 vorigen
1987 2494 2140 2548 Satze
2214 2493 2518 2548 enthaltene
2582 2494 2893 2548 Zwisehen—

424 2603 476 2638 v.
517 2585 638 2640 Chr.
678 2618 745 2624 —
775 2591 994 2654 praeter
1029 2587 1238 2654 ceteros]
1282 2584 1438 2640 Catos
1474 2585 1599 2638 her·
1706 2583 2033 2651 bemerkung
2088 2583 2154 2637 ab
2202 2583 2312 2636 und
2360 2583 2518 2637 kehrt
2570 2601 2667 2637 zur
2715 2583 2895 2638 Sache

425 2675 780 2742 vorragender
810 2674 1062 2741 „Glanz“
1100 2675 1335 2743 (florere)
1371 2674 1599 2728 beruhte
1708 2672 1933 2740 zuriick3
1984 2672 2087 2741 vgl.
2126 2675 2157 2742 ξ
2198 2675 2221 2726 1
2265 2687 2310 2726 a.
2350 2673 2409 2726 E.
2464 2705 2531 2712 -
2588 2673 2663 2726 ad
2702 2690 2891 2726 senem

425 2763 565 2817 nach
600 2764 682 2816 De
721 2779 831 2816 sen.
869 2766 920 2830 3,
973 2766 1006 2818 8
1044 2763 1138 2816 auf
1173 2781 1294 2832 opes
1331 2769 1379 2816 et
1413 2763 1601 2832 copiae
1705 2779 1864 2815 senex
1888 2762 1951 2814 de
1976 2763 2255 2830 senectute]
2294 2777 2471 2830 sogen.
2510 2761 2894 2816 Traductio

425 2858 471 2906 et
496 2852 756 2921 diynitaS.
797 2883 864 2891 -—-
900 2852 1142 2905 maxime
1176 2851 1599 2921 memorabilem]
1711 2853 1868 2920 (quae
1912 2850 2077 2918 facit,
2129 2849 2219 2902 uti
2231 2890 2245 2917 ‚
2301 2867 2428 2904 cum
2476 2850 2622 2904 idem
2668 2850 2891 2903 verbum

426 2942 553 2994 Fast
615 2940 718 2994 alle
772 2940 1056 3010 Adjektiva
1115 2941 1208 2994 auf
1261 2940 1417 2994 -bilis
1481 2943 1599 2993 ent-
1708 2940 1948 2994 crebrius
1967 2943 2223 3008 ponatur,
2261 2956 2375 2993 non
2401 2939 2555 2993 modo
2580 2956 2692 2992 non
2717 2939 2893 3007 offen-

427 3030 626 3084 behren
655 3031 750 3083 des
774 3029 1116 3098 Superlativs.
1157 3061 1225 3069 —-
1261 3007 1601 3083 meminisset
1708 3030 1803 3082 dat
1837 3028 2109 3094 animum,
2147 3028 2241 3081 sed
2274 3029 2443 3082 etz‘ctm
2479 3027 2894 3082 concinniorem

430 3120 538 3188 Sca]
595 3119 777 3186 „nach
831 3119 928 3173 der
981 3119 1319 3188 Erinnerung
1371 3118 1599 3172 Scaevo-
1708 3117 2009 3171 orationem
2061 3117 2261 3170 reddat.
2315 3119 2471 3170 Auct.
2525 3117 2591 3170 ad
2640 3116 2887 3170 Herenn.

425 3208 572 3270 las‘fi
605 3239 672 3247 —-
723 3209 974 3276 veterum]
1014 3208 1164 3261 nicht
1200 3207 1438 3276 „alter“,
1490 3223 1601 3260 was
1709 3210 1769 3274 4,
1818 3208 1924 3274 20).
1978 3237 2045 3246 —-
2096 3207 2271 3259 nemo'
2292 3205 2615 3274 pmdentior
2661 3245 2672 3257 .
2697 3245 2708 3256 .
2733 3245 2745 3257 .
2794 3223 2896 3260 sa·

427 3297 906 3353 missversffindlich
959 3303 1100 3351 ware
1117 3339 1131 3365 ‚
1182 3298 1410 3351 sondern
1463 3298 1602 3365 „der
1700 3295 1884 3364 piens]
1923 3312 1991 3348 zu
2028 3298 2058 3364 ξ
2096 3297 2129 3350 6
2164 3295 2464 3348 mediarum
2497 3310 2687 3346 remim
2720 3311 2894 3348 usum

429 3386 857 3456 Vergangenheit
928 3386 1276 3455 angeheriger
1289 3427 1302 3453 ,
1388 3386 1601 3440 histori-
1710 3403 1761 3438 u.
1794 3402 1860 3437 zu
1886 3387 1917 3454 ξ
1945 3387 1976 3440 7
2004 3385 2186 3438 studio
2210 3389 2257 3437 et
2282 3381 2545 3436 doctrina.
2582 3414 2649 3421 -—
2686 3382 2893 3452 oritur}

429 3476 646 3529 scher“.
704 3506 772 3514 —
825 3474 1006 3528 neseio
1061 3493 1164 3544 quo
1209 3477 1388 3544 pacto]
1455 3492 1602 3543 „un-
1711 3473 1883 3542 „geht
1944 3489 2039 3527 aus
2052 3476 2099 3540 “,
2164 3474 2213 3526 d.
2261 3473 2313 3524 h.
2366 3470 2443 3525 sie
2498 3471 2746 3525 eriiflnen
2792 3471 2895 3525 das

427 3564 830 3633 begreiflicher,
881 3565 1480 3619 wunde1·barerweise“.
1533 3597 1601 3603 —
1712 3562 1998 3632 Gespr'ach.
2051 3593 2119 3600 —
2169 3561 2350 3630 euius]
2390 3559 2645 3614 verbinde
2690 3559 2893 3613 nicht

428 3654 564 3723 ipse]
607 3653 682 3706 im
720 3654 840 3723 Ggs.
882 3671 948 3707 zu
985 3655 1082 3707 der
1118 3655 1212 3707 auf
1247 3654 1443 3708 andere
1478 3653 1602 3706 lier-
1710 3652 1810 3704 mit
1842 3650 2179 3720 disputatio!
2227 3679 2296 3689 —
2346 3654 2392 3703 te
2428 3649 2565 3719 ipse]
2603 3648 2752 3701 nicht
2786 3665 2894 3701 un·

428 3743 852 3813 vorgebraehten
900 3743 1178 3811 Wirkung.
1238 3775 1305 3782 -
1369 3742 1451 3796 sic
1505 3743 1603 3796 ad-
1710 3740 2043 3810 gewohnlich
2103 3742 2167 3793 st.
2230 3744 2277 3793 te
2340 3738 2551 3808 ipsum,
2628 3753 2738 3791 was
2801 3737 2890 3791 bei

428 3832 610 3901 fileior]
641 3848 711 3886 sc.
737 3832 928 3886 animo
955 3832 1086 3899 „ich
1114 3832 1438 3901 (empfange)
1465 3831 1602 3885 habe
1711 3831 1833 3884 dem
1870 3830 1991 3898 GgS.
2041 3845 2155 3882 non
2190 3828 2445 3882 Laelium
2494 3825 2695 3895 logisch
2745 3825 2894 3878 rich-

431 3923 535 3976 den
570 3921 838 3976 Eindruck
855 3925 902 3974 “.
1712 3919 1849 3987 tiger
1884 3923 2039 3972 ware.

1421 4116 1462 4158 ³1⁸
1860 4115 1900 4158 ³1:

1642 4161 1681 4203 de
