3175 4825
473 319 548 380 40
1261 318 1528 374 Ciceronis
1565 317 1777 371 Laelius
1814 318 1880 371 de
1919 317 2150 370 amicitia

475 501 595 559 me,
643 482 807 563 quod
858 482 1116 545 aderam
1146 480 1415 545 Laenati
1461 481 1526 543 et
1563 480 1817 562 Rupilio
1866 480 2227 543 consulibus
2274 479 2343 543 in
2388 479 2665 554 consilio,
2712 479 2940 561 depre-

477 592 692 652 catum
740 588 1036 664 venisset,
1081 587 1265 664 hanc,
1311 589 1387 650 ut
1433 585 1552 649 sibi
1598 585 2012 667 ignoscerem,
2060 603 2321 649 causam
2369 584 2714 661 adferebat,
2764 586 2937 667 quod

475 696 641 759 tanti
687 695 776 758 Ti.
827 694 1188 759 Gracchum
1234 693 1518 768 fecisset,
1580 696 1682 768 ut,
1743 692 2052 773 quidquid
2098 693 2205 756 ille
2253 692 2471 768 vellet,
2533 692 2653 756 sibi
2697 692 2940 756 facien·

477 802 629 865 dum
662 804 936 884 putaret.
1005 801 1166 864 Tum
1201 819 1349 881 ego:
1398 800 1759 876 „Etiamne,
1808 799 1863 863 si
1908 802 1972 862 te
2019 800 2086 862 in
2119 798 2503 881 Capitolium
2552 798 2720 863 faces
2769 798 2937 862 ferre

476 909 757 972 vellet?“
828 908 1309 988 „Numquam“,
1355 907 1583 987 inquit,
1632 906 1985 982 „voluisset
2014 906 2076 969 id
2114 905 2403 986 quidem;
2453 906 2565 969 sed
2614 906 2668 969 si
2698 906 2936 969 voluis-

479 1018 594 1091 set,
639 1015 1050 1097 paruissem.“
1120 1014 1389 1090 Videtis,
1438 1032 1633 1094 quam
1679 1012 1922 1076 nefaria
1966 1014 2117 1076 vox!
2196 1012 2282 1075 Et
2324 1012 2581 1076 hercule
2627 1014 2721 1077 ita
2768 1012 2935 1088 fecit,

476 1123 578 1186 vel
624 1123 766 1204 plus
816 1121 1010 1185 etiam
1061 1140 1254 1201 quam
1302 1120 1493 1183 dixit:
1542 1139 1669 1184 non
1716 1120 1885 1183 enim
1916 1120 2131 1202 paruit
2161 1119 2267 1183 ille
2300 1120 2390 1182 Ti.
2425 1118 2695 1183 Gracchi
2735 1122 2938 1183 teme-

476 1229 676 1304 ritati,
725 1229 833 1292 sed
868 1227 1162 1310 praefuit,
1208 1246 1326 1291 nec
1373 1246 1439 1289 se
1487 1227 1788 1290 comitem
1817 1227 1991 1290 illius
2025 1225 2273 1297 furoris,
2322 1226 2431 1289 sed
2480 1226 2708 1290 ducem
2753 1246 2935 1309 prae·

475 1336 630 1399 buit.
721 1335 951 1415 Itaque
1011 1335 1132 1398 hac
1191 1334 1472 1398 amentia
1533 1334 1903 1414 quaestione
1964 1352 2130 1397 nova
2174 1334 2552 1416 perterritus
2598 1334 2661 1396 in
2712 1334 2936 1397 Asiam

476 1442 772 1525 profugit,
821 1442 902 1505 ad
950 1441 1166 1505 hostes
1215 1460 1281 1504 se
1329 1442 1625 1515 contulit,
1671 1458 1905 1522 poenas
1954 1441 2044 1503 rei
2096 1439 2380 1521 publicae
2428 1458 2654 1521 graves
2702 1441 2940 1503 iustas·

477 1569 600 1632 que
647 1549 966 1631 persolvit.
1057 1548 1255 1612 Nulla
1301 1550 1400 1611 est
1444 1535 1642 1628 igitur
1689 1547 2010 1611 excusatio
2056 1547 2331 1629 peccati,
2392 1548 2448 1609 si
2505 1547 2693 1609 amici
2740 1564 2939 1610 causa

475 1656 868 1739 peccaveris;
929 1674 1079 1718 nam
1127 1674 1272 1717 cum
1321 1655 1714 1719 conciliatrix
1760 1654 2077 1717 amicitiae
2136 1654 2393 1716 virtutis
2454 1654 2662 1735 opinio
2726 1653 2942 1727 fuerit,

390 1778 454 1823 ss
477 1762 728 1827 difficile
778 1765 876 1826 est
923 1762 1269 1826 amicitiam
1318 1780 1593 1837 manere,
1644 1761 1696 1824 si
1745 1780 1783 1823 a
1831 1762 2065 1823 virtute
2115 1760 2434 1823 defeceris.
2514 1758 2753 1837 Quodsi
2803 1779 2943 1824 rec-

475 1871 616 1932 tum
666 1870 1080 1932 statuerimus
1129 1870 1229 1931 vel
1276 1868 1617 1932 concedere
1665 1868 1913 1943 amiciS,
1963 1867 2271 1948 quidquid
2320 1866 2543 1941 velint,
2591 1867 2692 1929 vel
2737 1867 2945 1949 impe·

475 1978 647 2039 trare
697 1977 774 2039 ab
820 1976 915 2047 iis,
965 1974 1272 2056 quidquid
1304 1976 1613 2039 velimus:
1662 1974 1944 2057 perfecta
1980 1974 2236 2055 quidem
2270 1974 2582 2055 sapientia
2629 1962 2946 2049 si‘simuS,

476 2204 695 2273 entging
743 2222 803 2257 er
847 2204 1016 2257 durch
1063 2204 1148 2257 die
1185 2204 1378 2257 Flucht
1427 2221 1493 2256 zu
1528 2203 1651 2257 Ari-

475 2293 734 2360 stonicuS,
788 2293 909 2347 dem
946 2293 1342 2346 Pratendenten
1386 2293 1480 2345 des
1528 2309 1651 2361 per-

474 2382 850 2452 gamenischen
915 2382 1158 2436 ReicheS.
1218 2414 1284 2421 —
1352 2382 1492 2451 quod
1553 2382 1651 2436 ad-

475 2491 626 2526 eram
677 2514 687 2524 .
725 2514 735 2525 .
775 2514 784 2525 .
833 2473 899 2525 in
935 2472 1186 2540 consilio]
1237 2512 1268 2538 „
1283 2471 1543 2525 Beisitzer
1577 2471 1653 2524 im

473 2563 609 2616 Bate
660 2563 828 2614 war“.
907 2561 1114 2614 Friiher
1169 2561 1450 2630 allerdings
1505 2561 1651 2614 hatte

475 2651 654 2704 L'alius
692 2651 860 2704 selbst
887 2650 986 2703 wie
1015 2651 1152 2704 auch
1179 2650 1355 2718 Scipio
1385 2650 1650 2719 ahnliche,

477 2741 570 2793 aui
607 2739 692 2792 die
721 2739 951 2808 Hebung
977 2740 1073 2792 des
1101 2738 1382 2792 italischen
1409 2739 1650 2793 Bauern-

475 2829 690 2882 standes
717 2828 1008 2896 gerichtete
1037 2829 1414 2882 Reformideen
1440 2829 1649 2898 gehegt,

476 2934 587 2970 war
623 2917 752 2971 aber
799 2933 896 2970 vor
943 2918 1049 2970 den
1097 2918 1474 2972 betreffenden
1511 2919 1649 2971 Vor-

476 3006 727 3074 schlagen
758 3006 1246 3074 zuriickgewichen,
1285 3007 1403 3060 weil
1443 3024 1503 3061 er
1530 3007 1649 3060 eine

475 3094 795 3148 Revolution
823 3095 900 3148 als
929 3096 1094 3149 deren
1114 3095 1275 3164 Folge
1296 3095 1646 3148 befiirchtete.

475 3184 608 3238 Hier
642 3184 856 3237 vertritt
904 3201 964 3236 er
1009 3183 1249 3252 zugleich
1289 3184 1426 3239 Cic.s
1464 3185 1649 3253 eigene

473 3273 852 3340 Anschauung.
894 3304 961 3311 —
999 3273 1141 3326 hane
1172 3314 1182 3325 .
1209 3314 1218 3325 .
1245 3314 1254 3325 .
1289 3275 1536 3342 eausam]
1575 3273 1648 3325 im

472 3360 538 3414 D.
559 3361 689 3413 kurz
711 3378 823 3427 „zu
841 3360 1556 3430 seine1·Entschuldigung“.
1579 3393 1647 3400 —

474 3449 742 3518 quidquid
803 3450 894 3502 ille
957 3451 1120 3519 vellet]
1198 3450 1400 3518 „jeden
1472 3450 1651 3504 seiner

475 3537 812 3591 Wiinsche“.
865 3571 931 3578 -—
979 3539 1233 3608 etiamne]
1283 3545 1506 3608 erganze
1543 3541 1649 3593 den

473 3627 782 3695 Fragesatz!
837 3659 903 3666 ——
952 3628 1008 3680 si
1053 3669 1064 3680 .
1101 3669 1112 3680 .
1151 3670 1160 3680 .
1208 3629 1372 3697 vellet]
1422 3626 1526 3696 vgl.
1581 3645 1649 3681 zu

473 3719 504 3786 ξ
543 3719 610 3771 13
646 3716 702 3770 si
859 3717 1276 3770 arbitrarmtur.
1316 3749 1383 3756 —
1429 3717 1493 3770 id
1525 3717 1649 3786 qui-

473 3806 612 3875 dem]
662 3821 762 3872 „so
811 3808 976 3859 etwas
989 3809 1036 3858 “.
1088 3838 1155 3846 ——
1211 3824 1379 3874 quam
1427 3807 1650 3874 nefaria

471 3897 590 3964 vox]
629 3913 738 3948 esse
766 3895 896 3948 wird
921 3911 980 3948 so
1007 3895 1338 3964 gewohnlich
1365 3895 1420 3948 in
1447 3896 1649 3949 kurzen

473 4001 524 4036 u.
563 3983 840 4038 lebhaften
877 3984 1082 4052 Fragen
1119 4003 1170 4037 u.
1211 3987 1484 4038 Ausrufen
1526 4001 1648 4038 aus-

472 4071 743 4140 gelassen,
801 4091 845 4124 z.
899 4073 960 4125 B.
1015 4075 1044 4141 ξ
1095 4075 1166 4128 24
1219 4073 1319 4141 qui
1371 4075 1645 4127 clamores,

471 4161 606 4216 Dafs
641 4161 759 4214 hier
795 4161 945 4214 nicht
977 4162 1148 4228 fuerit
1184 4162 1312 4215 oder
1346 4163 1422 4215 sit
1459 4180 1526 4216 zu
1563 4179 1647 4216 er-

470 4253 676 4318 ganzen
731 4249 809 4302 sei
823 4290 836 4316 ,
892 4250 1035 4302 lehrt
1087 4253 1118 4318 ξς
1173 4253 1242 4305 96
1295 4250 1645 4318 meministis,

471 4354 640 4404 quam
681 4338 972 4406 popzdaris
1021 4339 1103 4392 lew
1146 4339 1536 4392 videbatur.
1576 4371 1645 4378 —

1760 2220 1926 2271 quam
1953 2203 2114 2271 dixit]
2154 2219 2225 2255 sc.
2255 2220 2311 2255 se
2336 2202 2617 2269 factm-um
2644 2202 2833 2268 fuisse.
2866 2234 2945 2240 —

1758 2310 1871 2345 non
1917 2333 1928 2344 .
1962 2333 1973 2344 .
2006 2333 2017 2344 .
2066 2292 2183 2361 sed]
2238 2290 2600 2359 berichtigend
2650 2291 2758 2343 und
2809 2291 2945 2343 stei-

1759 2381 1940 2451 gernd.
1989 2413 2055 2420 -—
2102 2380 2260 2435 illius
2294 2380 2527 2450 furoris]
2566 2380 2665 2434 Ein
2706 2380 2942 2434 Genetiv

1760 2487 1865 2524 von
1919 2471 2042 2523 dem
2098 2471 2301 2524 andern
2356 2469 2631 2538 abhangig.
2700 2501 2766 2508 -—
2832 2469 2947 2522 hac

1760 2559 2024 2628 amentia]
2082 2559 2233 2626 „bei
2282 2558 2493 2612 solcher
2542 2558 2825 2612 Tollheit‘fl
2866 2591 2941 2597 -—

1752 2665 1958 2716 poenas
2006 2649 2091 2700 rei
2128 2667 2186 2717 p.
2238 2665 2427 2716 yraves
2482 2648 2762 2715 iustasque
2808 2665 2946 2716 per—

1758 2738 1934 2807 solvit]
1993 2778 2025 2805 „
2038 2753 2099 2791 er
2164 2738 2311 2792 mus
2320 2739 2423 2790 ste
2479 2736 2595 2790 sein
2648 2737 2937 2805 Vergehen

1760 2842 1847 2878 am
1896 2827 2073 2880 Staate
2123 2825 2220 2878 mit
2270 2825 2565 2889 schwerer,
2622 2825 2789 2878 aber
2842 2841 2941 2893 ge-

1760 2915 1969 2968 rechter
2028 2915 2205 2968 Strafe
2268 2915 2522 2968 biifsen“.
2592 2947 2657 2952 —
2723 2913 2945 2982 opinio}

1760 3005 2225 3072 „Voraussetzung
2236 3007 2281 3056 ⁶⁴.

1834 3106 1914 3148 38.
1980 3092 2247 3161 quidquid
2307 3092 2470 3145 velint
2682 3091 2943 3159 velimus]³

1758 3181 2035 3234 iibersetze
2100 3197 2223 3233 man
2286 3180 2387 3233 wie
2456 3179 2529 3232 im
2594 3195 2702 3231 vor.
2767 3179 2937 3232 Para·

1758 3270 1939 3338 graph.
1992 3302 2057 3308 ——
2108 3270 2165 3322 si
2208 3270 2410 3338 simus]
2461 3267 2604 3337 giebt
2649 3267 2794 3320 nach
2840 3269 2949 3320 der

1759 3359 2109 3428 allgemeinen
2137 3359 2572 3426 Voraussetzung
2597 3357 2794 3425 quodsi
2818 3373 2934 3410 rec-

1758 3454 1875 3502 tum
1922 3448 2276 3502 statuerimus
2327 3449 2427 3500 etc.
2480 3447 2566 3500 die
2620 3445 2944 3515 speziellere

1758 3537 2071 3606 Bedingung
2106 3553 2202 3604 an,
2254 3540 2413 3590 unter
2448 3535 2681 3589 welcher
2728 3535 2823 3588 das
2859 3534 2939 3586 im

1758 3627 2025 3681 Nachsatz
2090 3628 2417 3694 Ausgesagte
2485 3625 2666 3694 gelten
2730 3624 2942 3677 wiirde,

1758 3717 1869 3770 Der
1904 3716 2059 3783 Konj.
2098 3715 2191 3768 des
2230 3716 2457 3768 Prasens
2494 3714 2653 3782 steht,
2691 3711 2939 3781 obgleich

1756 3805 1849 3857 das
1887 3804 2116 3858 stoische
2154 3803 2302 3856 Ideal
2338 3805 2436 3857 der
2472 3801 2738 3856 Weisheit
2772 3817 2944 3854 uner—

1757 3893 2002 3946 reichbar
2037 3893 2121 3962 ist,
2160 3893 2296 3946 doch
2334 3893 2433 3945 mit
2468 3892 2665 3959 Recht,
2716 3889 2840 3944 weil
2878 3906 2945 3943 es

1756 3981 1876 4035 hier
1922 3981 2073 4035 nicht
2121 3983 2311 4035 darauf
2358 3981 2656 4046 ankommt,
2706 3979 2792 4032 die
2830 3979 2939 4032 Be-

1758 4071 2020 4140 dingung‚
2072 4070 2265 4123 mithin
2315 4070 2452 4124 auch
2500 4071 2586 4123 die
2636 4069 2946 4137 Folgerung

1758 4160 1836 4213 als
1873 4159 2032 4214 irreal
2077 4159 2463 4225 hinzustellen,
2515 4157 2778 4212 vielmehr
2811 4157 2945 4225 J'ene

1757 4250 2218 4318 Voraussetzung,
2285 4265 2443 4302 wenn
2501 4248 2579 4301 sie
2636 4247 2775 4300 auch
2838 4246 2948 4298 der

1759 4338 2131 4392 Wirklichkeit
2149 4337 2529 4406 wider-spricht,
2560 4337 2695 4390 doch
2716 4335 2945 4396 immer-
