<?xml version="1.0" encoding="UTF-8"?>
<!DOCTYPE html PUBLIC "-//W3C//DTD XHTML 1.0 Transitional//EN"
    "http://www.w3.org/TR/xhtml1/DTD/xhtml1-transitional.dtd">
<html xmlns="http://www.w3.org/1999/xhtml" xml:lang="en" lang="en">
 <head>
  <title>
</title>
<meta http-equiv="Content-Type" content="text/html;charset=utf-8" />
  <meta name='ocr-system' content='tesseract 3.04.00' />
  <meta name='ocr-capabilities' content='ocr_page ocr_carea ocr_par ocr_line ocrx_word'/>
</head>
<body>
  <div class='ocr_page' id='page_1' title='image "./mtulliciceronis00stregoog_0058.png"; bbox 0 0 3175 4825; ppageno 0'>
   <div class='ocr_carea' id='block_1_1' title="bbox 325 1874 409 2001">
    <p class='ocr_par' dir='ltr' id='par_1_1' title="bbox 325 1874 409 2001">
     <span class='ocr_line' id='line_1_1' title="bbox 325 1874 409 2001; baseline -0.012 -65"><span class='ocrx_word' id='word_1_1' title='bbox 325 1874 409 2001; x_wconf 87' lang='grc'><strong>15</strong></span> 
     </span>
    </p>
   </div>
   <div class='ocr_carea' id='block_1_2' title="bbox 426 336 2101 395">
    <p class='ocr_par' dir='ltr' id='par_1_2' title="bbox 426 336 2101 395">
     <span class='ocr_line' id='line_1_2' title="bbox 426 336 2101 395; baseline -0.004 0"><span class='ocrx_word' id='word_1_2' title='bbox 426 336 500 395; x_wconf 78' lang='grc'><strong>50</strong></span> <span class='ocrx_word' id='word_1_3' title='bbox 1209 336 1479 392; x_wconf 76' lang='lat' dir='ltr'>Ciceronis</span> <span class='ocrx_word' id='word_1_4' title='bbox 1517 337 1728 390; x_wconf 87' lang='lat' dir='ltr'><strong>Laelius</strong></span> <span class='ocrx_word' id='word_1_5' title='bbox 1765 338 1831 391; x_wconf 90' lang='lat' dir='ltr'><strong>de</strong></span> <span class='ocrx_word' id='word_1_6' title='bbox 1870 337 2101 390; x_wconf 83' lang='lat' dir='ltr'><strong>amicitia</strong></span> 
     </span>
    </p>
   </div>
   <div class='ocr_carea' id='block_1_3' title="bbox 343 493 2892 1435">
    <p class='ocr_par' dir='ltr' id='par_1_3' title="bbox 343 493 2892 1435">
     <span class='ocr_line' id='line_1_3' title="bbox 347 493 2892 581; baseline 0.001 -21"><span class='ocrx_word' id='word_1_7' title='bbox 347 493 350 500; x_wconf 85' lang='lat'>&#39;</span> <span class='ocrx_word' id='word_1_8' title='bbox 431 497 755 561; x_wconf 85' lang='lat' dir='ltr'><strong>consulere</strong></span> <span class='ocrx_word' id='word_1_9' title='bbox 799 499 1032 571; x_wconf 79' lang='lat' dir='ltr'><strong>soleat3</strong></span> <span class='ocrx_word' id='word_1_10' title='bbox 1083 499 1249 580; x_wconf 89' lang='lat' dir='ltr'><strong>quod</strong></span> <span class='ocrx_word' id='word_1_11' title='bbox 1281 517 1406 562; x_wconf 92' lang='lat' dir='ltr'><strong>non</strong></span> <span class='ocrx_word' id='word_1_12' title='bbox 1438 498 1678 563; x_wconf 86' lang='lat' dir='ltr'><strong>faceret</strong></span> <span class='ocrx_word' id='word_1_13' title='bbox 1707 498 2005 581; x_wconf 86' lang='lat' dir='ltr'><strong>profecto,</strong></span> <span class='ocrx_word' id='word_1_14' title='bbox 2053 500 2106 563; x_wconf 88' lang='lat' dir='ltr'><strong>si</strong></span> <span class='ocrx_word' id='word_1_15' title='bbox 2155 518 2191 563; x_wconf 89' lang='lat' dir='ltr'><strong>a</strong></span> <span class='ocrx_word' id='word_1_16' title='bbox 2238 500 2504 564; x_wconf 88' lang='lat' dir='ltr'><strong>caritate</strong></span> <span class='ocrx_word' id='word_1_17' title='bbox 2552 500 2727 581; x_wconf 82' lang='lat' dir='ltr'><strong>vulgi</strong></span> <span class='ocrx_word' id='word_1_18' title='bbox 2777 500 2892 563; x_wconf 89' lang='lat' dir='ltr'><strong>ab·</strong></span> 
     </span>
     <span class='ocr_line' id='line_1_4' title="bbox 343 604 2889 687; baseline 0.002 -22"><span class='ocrx_word' id='word_1_19' title='bbox 343 627 399 665; x_wconf 76' lang='lat'><strong>51</strong></span> <span class='ocrx_word' id='word_1_20' title='bbox 430 604 732 668; x_wconf 86' lang='lat' dir='ltr'><strong>horreret.</strong></span> <span class='ocrx_word' id='word_1_21' title='bbox 800 606 1010 687; x_wconf 89' lang='lat' dir='ltr'><strong>Atque</strong></span> <span class='ocrx_word' id='word_1_22' title='bbox 1059 604 1253 668; x_wconf 87' lang='lat' dir='ltr'><strong>etiam</strong></span> <span class='ocrx_word' id='word_1_23' title='bbox 1300 605 1456 669; x_wconf 91' lang='lat' dir='ltr'><strong>mihi</strong></span> <span class='ocrx_word' id='word_1_24' title='bbox 1490 605 1748 686; x_wconf 89' lang='lat' dir='ltr'><strong>quidem</strong></span> <span class='ocrx_word' id='word_1_25' title='bbox 1779 605 2092 683; x_wconf 85' lang='lat' dir='ltr'><strong>videntur,</strong></span> <span class='ocrx_word' id='word_1_26' title='bbox 2141 608 2250 687; x_wconf 89' lang='lat' dir='ltr'><strong>qui</strong></span> <span class='ocrx_word' id='word_1_27' title='bbox 2297 608 2656 670; x_wconf 79' lang='lat' dir='ltr'><strong>utilitatum</strong></span> <span class='ocrx_word' id='word_1_28' title='bbox 2689 624 2889 671; x_wconf 85' lang='lat' dir='ltr'><strong>causa</strong></span> 
     </span>
     <span class='ocr_line' id='line_1_5' title="bbox 429 710 2888 791; baseline 0.002 -19"><span class='ocrx_word' id='word_1_29' title='bbox 429 710 682 791; x_wconf 87' lang='lat' dir='ltr'><strong>fingunt</strong></span> <span class='ocrx_word' id='word_1_30' title='bbox 742 712 1082 787; x_wconf 81' lang='lat' dir='ltr'><strong>amicitias,</strong></span> <span class='ocrx_word' id='word_1_31' title='bbox 1142 712 1669 775; x_wconf 83' lang='lat' dir='ltr'><strong>amabilissimum</strong></span> <span class='ocrx_word' id='word_1_32' title='bbox 1731 712 1970 776; x_wconf 89' lang='lat' dir='ltr'><strong>nodum</strong></span> <span class='ocrx_word' id='word_1_33' title='bbox 2032 714 2348 777; x_wconf 82' lang='lat' dir='ltr'><strong>amicitiae</strong></span> <span class='ocrx_word' id='word_1_34' title='bbox 2406 714 2647 778; x_wconf 89' lang='lat' dir='ltr'><strong>tollere.</strong></span> <span class='ocrx_word' id='word_1_35' title='bbox 2736 714 2888 776; x_wconf 86' lang='lat' dir='ltr'><strong>Non</strong></span> 
     </span>
     <span class='ocr_line' id='line_1_6' title="bbox 430 817 2889 901; baseline 0.002 -22"><span class='ocrx_word' id='word_1_36' title='bbox 430 817 598 880; x_wconf 88' lang='lat' dir='ltr'><strong>enim</strong></span> <span class='ocrx_word' id='word_1_37' title='bbox 656 819 792 880; x_wconf 87' lang='lat' dir='ltr'><strong>tam</strong></span> <span class='ocrx_word' id='word_1_38' title='bbox 850 818 1096 881; x_wconf 87' lang='lat' dir='ltr'><strong>utilitas</strong></span> <span class='ocrx_word' id='word_1_39' title='bbox 1149 820 1334 900; x_wconf 88' lang='lat' dir='ltr'><strong>parta</strong></span> <span class='ocrx_word' id='word_1_40' title='bbox 1388 837 1500 900; x_wconf 88' lang='lat' dir='ltr'><strong>per</strong></span> <span class='ocrx_word' id='word_1_41' title='bbox 1547 818 1824 882; x_wconf 89' lang='lat' dir='ltr'><strong>amicum</strong></span> <span class='ocrx_word' id='word_1_42' title='bbox 1874 837 2065 900; x_wconf 89' lang='lat' dir='ltr'><strong>quam</strong></span> <span class='ocrx_word' id='word_1_43' title='bbox 2116 820 2300 884; x_wconf 87' lang='lat' dir='ltr'><strong>amici</strong></span> <span class='ocrx_word' id='word_1_44' title='bbox 2350 838 2527 883; x_wconf 85' lang='lat' dir='ltr'><strong>amor</strong></span> <span class='ocrx_word' id='word_1_45' title='bbox 2586 820 2719 901; x_wconf 91' lang='lat' dir='ltr'><strong>ipse</strong></span> <span class='ocrx_word' id='word_1_46' title='bbox 2777 820 2889 883; x_wconf 90' lang='lat' dir='ltr'><strong>de-</strong></span> 
     </span>
     <span class='ocr_line' id='line_1_7' title="bbox 428 924 2889 1009; baseline 0.002 -24"><span class='ocrx_word' id='word_1_47' title='bbox 428 924 645 997; x_wconf 89' lang='lat' dir='ltr'><strong>lectat,</strong></span> <span class='ocrx_word' id='word_1_48' title='bbox 690 925 955 1005; x_wconf 89' lang='lat' dir='ltr'><strong>tumque</strong></span> <span class='ocrx_word' id='word_1_49' title='bbox 1003 924 1161 987; x_wconf 89' lang='lat' dir='ltr'><strong>illud</strong></span> <span class='ocrx_word' id='word_1_50' title='bbox 1210 924 1300 1001; x_wconf 91' lang='lat' dir='ltr'><strong>fit,</strong></span> <span class='ocrx_word' id='word_1_51' title='bbox 1349 924 1516 1005; x_wconf 91' lang='lat' dir='ltr'><strong>quod</strong></span> <span class='ocrx_word' id='word_1_52' title='bbox 1564 926 1643 989; x_wconf 88' lang='lat' dir='ltr'><strong>ab</strong></span> <span class='ocrx_word' id='word_1_53' title='bbox 1692 926 1893 989; x_wconf 87' lang='lat' dir='ltr'><strong>amico</strong></span> <span class='ocrx_word' id='word_1_54' title='bbox 1942 927 2040 989; x_wconf 88' lang='lat' dir='ltr'><strong>est</strong></span> <span class='ocrx_word' id='word_1_55' title='bbox 2084 926 2469 1009; x_wconf 87' lang='lat' dir='ltr'><strong>profectum,</strong></span> <span class='ocrx_word' id='word_1_56' title='bbox 2514 925 2889 1001; x_wconf 89' lang='lat' dir='ltr'><strong>iucundum,</strong></span> 
     </span>
     <span class='ocr_line' id='line_1_8' title="bbox 431 1030 2891 1117; baseline 0.001 -25"><span class='ocrx_word' id='word_1_57' title='bbox 431 1031 485 1092; x_wconf 85' lang='lat' dir='ltr'><strong>si</strong></span> <span class='ocrx_word' id='word_1_58' title='bbox 517 1049 663 1093; x_wconf 89' lang='lat' dir='ltr'><strong>cum</strong></span> <span class='ocrx_word' id='word_1_59' title='bbox 696 1030 906 1094; x_wconf 91' lang='lat' dir='ltr'><strong>studio</strong></span> <span class='ocrx_word' id='word_1_60' title='bbox 938 1034 1038 1094; x_wconf 90' lang='lat' dir='ltr'><strong>est</strong></span> <span class='ocrx_word' id='word_1_61' title='bbox 1067 1030 1455 1114; x_wconf 88' lang='lat' dir='ltr'><strong>profectum;</strong></span> <span class='ocrx_word' id='word_1_62' title='bbox 1503 1033 1888 1114; x_wconf 87' lang='lat' dir='ltr'><strong>tantumque</strong></span> <span class='ocrx_word' id='word_1_63' title='bbox 1923 1032 2119 1108; x_wconf 90' lang='lat' dir='ltr'><strong>abest,</strong></span> <span class='ocrx_word' id='word_1_64' title='bbox 2166 1036 2242 1096; x_wconf 92' lang='lat' dir='ltr'><strong>ut</strong></span> <span class='ocrx_word' id='word_1_65' title='bbox 2282 1033 2595 1117; x_wconf 77' lang='lat' dir='ltr'><strong>amicitiae</strong></span> <span class='ocrx_word' id='word_1_66' title='bbox 2627 1035 2891 1116; x_wconf 87' lang='lat' dir='ltr'><strong>propter</strong></span> 
     </span>
     <span class='ocr_line' id='line_1_9' title="bbox 428 1136 2887 1222; baseline 0.001 -24"><span class='ocrx_word' id='word_1_67' title='bbox 428 1136 844 1218; x_wconf 86' lang='lat' dir='ltr'><strong>indigentiam</strong></span> <span class='ocrx_word' id='word_1_68' title='bbox 877 1138 1183 1214; x_wconf 86' lang='lat' dir='ltr'><strong>colantur,</strong></span> <span class='ocrx_word' id='word_1_69' title='bbox 1231 1140 1306 1201; x_wconf 91' lang='lat' dir='ltr'><strong>ut</strong></span> <span class='ocrx_word' id='word_1_70' title='bbox 1349 1138 1410 1214; x_wconf 89' lang='lat' dir='ltr'><strong>ii,</strong></span> <span class='ocrx_word' id='word_1_71' title='bbox 1459 1139 1570 1219; x_wconf 92' lang='lat' dir='ltr'><strong>qui</strong></span> <span class='ocrx_word' id='word_1_72' title='bbox 1617 1138 1839 1221; x_wconf 87' lang='lat' dir='ltr'><strong>opibus</strong></span> <span class='ocrx_word' id='word_1_73' title='bbox 1873 1141 1938 1202; x_wconf 89' lang='lat' dir='ltr'><strong>et</strong></span> <span class='ocrx_word' id='word_1_74' title='bbox 1970 1140 2162 1222; x_wconf 87' lang='lat' dir='ltr'><strong>copiis</strong></span> <span class='ocrx_word' id='word_1_75' title='bbox 2195 1140 2595 1221; x_wconf 82' lang='lat' dir='ltr'><strong>maximeque</strong></span> <span class='ocrx_word' id='word_1_76' title='bbox 2628 1140 2887 1215; x_wconf 84' lang='lat' dir='ltr'><strong>virtute,</strong></span> 
     </span>
     <span class='ocr_line' id='line_1_10' title="bbox 429 1244 2889 1329; baseline 0.002 -24"><span class='ocrx_word' id='word_1_77' title='bbox 429 1244 494 1305; x_wconf 87' lang='lat' dir='ltr'><strong>in</strong></span> <span class='ocrx_word' id='word_1_78' title='bbox 545 1261 672 1324; x_wconf 87' lang='lat' dir='ltr'><strong>qua</strong></span> <span class='ocrx_word' id='word_1_79' title='bbox 717 1244 1060 1327; x_wconf 88' lang='lat' dir='ltr'><strong>plurimum</strong></span> <span class='ocrx_word' id='word_1_80' title='bbox 1109 1246 1212 1308; x_wconf 90' lang='lat' dir='ltr'><strong>est</strong></span> <span class='ocrx_word' id='word_1_81' title='bbox 1257 1245 1580 1327; x_wconf 87' lang='lat' dir='ltr'><strong>praesidii,</strong></span> <span class='ocrx_word' id='word_1_82' title='bbox 1629 1245 1888 1309; x_wconf 89' lang='lat' dir='ltr'><strong>minime</strong></span> <span class='ocrx_word' id='word_1_83' title='bbox 1938 1247 2201 1310; x_wconf 88' lang='lat' dir='ltr'><strong>alterius</strong></span> <span class='ocrx_word' id='word_1_84' title='bbox 2248 1247 2601 1329; x_wconf 80' lang='lat' dir='ltr'><strong>indigeant,</strong></span> <span class='ocrx_word' id='word_1_85' title='bbox 2654 1246 2889 1310; x_wconf 90' lang='lat' dir='ltr'><strong>libera-</strong></span> 
     </span>
     <span class='ocr_line' id='line_1_11' title="bbox 427 1349 2890 1435; baseline 0.002 -23"><span class='ocrx_word' id='word_1_86' title='bbox 427 1349 656 1413; x_wconf 88' lang='lat' dir='ltr'><strong>lissimi</strong></span> <span class='ocrx_word' id='word_1_87' title='bbox 704 1350 832 1413; x_wconf 86' lang='lat' dir='ltr'><strong>sint</strong></span> <span class='ocrx_word' id='word_1_88' title='bbox 878 1352 944 1414; x_wconf 89' lang='lat' dir='ltr'><strong>et</strong></span> <span class='ocrx_word' id='word_1_89' title='bbox 972 1350 1543 1416; x_wconf 87' lang='lat' dir='ltr'><strong>beneficentissimi.</strong></span> <span class='ocrx_word' id='word_1_90' title='bbox 1621 1354 1832 1435; x_wconf 88' lang='lat' dir='ltr'><strong>Atque</strong></span> <span class='ocrx_word' id='word_1_91' title='bbox 1873 1352 2043 1416; x_wconf 90' lang='lat' dir='ltr'><strong>haud</strong></span> <span class='ocrx_word' id='word_1_92' title='bbox 2092 1354 2290 1418; x_wconf 89' lang='lat' dir='ltr'><strong>sciam</strong></span> <span class='ocrx_word' id='word_1_93' title='bbox 2338 1371 2416 1417; x_wconf 89' lang='lat' dir='ltr'><strong>an</strong></span> <span class='ocrx_word' id='word_1_94' title='bbox 2464 1372 2543 1417; x_wconf 90' lang='lat' dir='ltr'><strong>ne</strong></span> <span class='ocrx_word' id='word_1_95' title='bbox 2592 1372 2749 1435; x_wconf 88' lang='lat' dir='ltr'><strong>opus</strong></span> <span class='ocrx_word' id='word_1_96' title='bbox 2798 1353 2890 1416; x_wconf 89' lang='lat' dir='ltr'><strong>sit</strong></span> 
     </span>
    </p>
   </div>
   <div class='ocr_carea' id='block_1_4' title="bbox 431 1456 2159 1539">
    <p class='ocr_par' dir='ltr' id='par_1_4' title="bbox 431 1456 2159 1539">
     <span class='ocr_line' id='line_1_12' title="bbox 431 1456 2159 1539; baseline 0.002 -21"><span class='ocrx_word' id='word_1_97' title='bbox 431 1456 686 1536; x_wconf 90' lang='lat' dir='ltr'><strong>quidem</strong></span> <span class='ocrx_word' id='word_1_98' title='bbox 747 1456 905 1519; x_wconf 91' lang='lat' dir='ltr'><strong>nihil</strong></span> <span class='ocrx_word' id='word_1_99' title='bbox 966 1476 1270 1539; x_wconf 89' lang='lat' dir='ltr'><strong>umquam</strong></span> <span class='ocrx_word' id='word_1_100' title='bbox 1332 1458 1584 1522; x_wconf 90' lang='lat' dir='ltr'><strong>omnino</strong></span> <span class='ocrx_word' id='word_1_101' title='bbox 1644 1459 1862 1523; x_wconf 89' lang='lat' dir='ltr'><strong>deesse</strong></span> <span class='ocrx_word' id='word_1_102' title='bbox 1922 1460 2159 1524; x_wconf 88' lang='lat' dir='ltr'><strong>amicis.</strong></span> 
     </span>
    </p>
   </div>
   <div class='ocr_carea' id='block_1_5' title="bbox 2250 1459 2888 1525">
    <p class='ocr_par' dir='ltr' id='par_1_5' title="bbox 2250 1459 2888 1525">
     <span class='ocr_line' id='line_1_13' title="bbox 2250 1459 2888 1525; baseline -0.002 -1"><span class='ocrx_word' id='word_1_103' title='bbox 2250 1459 2378 1525; x_wconf 86' lang='lat' dir='ltr'><strong>Ubi</strong></span> <span class='ocrx_word' id='word_1_104' title='bbox 2439 1460 2609 1523; x_wconf 91' lang='lat' dir='ltr'><strong>enim</strong></span> <span class='ocrx_word' id='word_1_105' title='bbox 2670 1460 2888 1524; x_wconf 88' lang='lat' dir='ltr'><strong>studia-</strong></span> 
     </span>
    </p>
   </div>
   <div class='ocr_carea' id='block_1_6' title="bbox 345 1563 2891 2077">
    <p class='ocr_par' dir='ltr' id='par_1_6' title="bbox 431 1563 2888 1852">
     <span class='ocr_line' id='line_1_14' title="bbox 431 1563 2888 1649; baseline 0.002 -25"><span class='ocrx_word' id='word_1_106' title='bbox 431 1563 648 1626; x_wconf 86' lang='lat' dir='ltr'><strong>nostra</strong></span> <span class='ocrx_word' id='word_1_107' title='bbox 707 1563 1083 1645; x_wconf 87' lang='lat' dir='ltr'><strong>viguissent,</strong></span> <span class='ocrx_word' id='word_1_108' title='bbox 1144 1564 1197 1628; x_wconf 88' lang='lat' dir='ltr'><strong>si</strong></span> <span class='ocrx_word' id='word_1_109' title='bbox 1243 1583 1597 1646; x_wconf 89' lang='lat' dir='ltr'><strong>numquam</strong></span> <span class='ocrx_word' id='word_1_110' title='bbox 1656 1567 1941 1638; x_wconf 86' lang='lat' dir='ltr'><strong>consilio,</strong></span> <span class='ocrx_word' id='word_1_111' title='bbox 2001 1586 2354 1648; x_wconf 88' lang='lat' dir='ltr'><strong>numquam</strong></span> <span class='ocrx_word' id='word_1_112' title='bbox 2416 1585 2605 1649; x_wconf 88' lang='lat' dir='ltr'><strong>opera</strong></span> <span class='ocrx_word' id='word_1_113' title='bbox 2664 1572 2888 1631; x_wconf 86' lang='lat' dir='ltr'><strong>nostra</strong></span> 
     </span>
     <span class='ocr_line' id='line_1_15' title="bbox 431 1668 2888 1755; baseline 0.003 -25"><span class='ocrx_word' id='word_1_114' title='bbox 431 1688 548 1733; x_wconf 89' lang='lat' dir='ltr'><strong>nec</strong></span> <span class='ocrx_word' id='word_1_115' title='bbox 608 1668 783 1734; x_wconf 72' lang='lat' dir='ltr'><strong>’domi</strong></span> <span class='ocrx_word' id='word_1_116' title='bbox 850 1689 969 1734; x_wconf 90' lang='lat' dir='ltr'><strong>nec</strong></span> <span class='ocrx_word' id='word_1_117' title='bbox 1037 1671 1301 1735; x_wconf 87' lang='lat' dir='ltr'><strong>militiae</strong></span> <span class='ocrx_word' id='word_1_118' title='bbox 1367 1670 1572 1754; x_wconf 86' lang='lat' dir='ltr'><strong>Scipio</strong></span> <span class='ocrx_word' id='word_1_119' title='bbox 1634 1672 1959 1754; x_wconf 85' lang='lat' dir='ltr'><strong>eguisset?</strong></span> <span class='ocrx_word' id='word_1_120' title='bbox 2063 1673 2208 1737; x_wconf 91' lang='lat' dir='ltr'><strong>Non</strong></span> <span class='ocrx_word' id='word_1_121' title='bbox 2276 1674 2474 1755; x_wconf 85' lang='lat' dir='ltr'><strong>igitur</strong></span> <span class='ocrx_word' id='word_1_122' title='bbox 2535 1674 2888 1737; x_wconf 86' lang='lat' dir='ltr'><strong>utilitatem</strong></span> 
     </span>
     <span class='ocr_line' id='line_1_16' title="bbox 433 1775 2005 1852; baseline 0.003 -14"><span class='ocrx_word' id='word_1_123' title='bbox 433 1775 731 1852; x_wconf 87' lang='lat' dir='ltr'><strong>amicitia,</strong></span> <span class='ocrx_word' id='word_1_124' title='bbox 779 1776 888 1840; x_wconf 90' lang='lat' dir='ltr'><strong>sed</strong></span> <span class='ocrx_word' id='word_1_125' title='bbox 936 1778 1181 1841; x_wconf 90' lang='lat' dir='ltr'><strong>utilitas</strong></span> <span class='ocrx_word' id='word_1_126' title='bbox 1229 1778 1574 1843; x_wconf 85' lang='lat' dir='ltr'><strong>amicitiam</strong></span> <span class='ocrx_word' id='word_1_127' title='bbox 1625 1781 1843 1843; x_wconf 90' lang='lat' dir='ltr'><strong>secuta</strong></span> <span class='ocrx_word' id='word_1_128' title='bbox 1890 1783 2005 1843; x_wconf 89' lang='lat' dir='ltr'><strong>est.</strong></span> 
     </span>
    </p>

    <p class='ocr_par' dir='ltr' id='par_1_7' title="bbox 432 1883 2891 2077">
     <span class='ocr_line' id='line_1_17' title="bbox 609 1883 2889 1968; baseline 0.002 -22"><span class='ocrx_word' id='word_1_129' title='bbox 609 1883 751 1947; x_wconf 91' lang='lat' dir='ltr'><strong>Non</strong></span> <span class='ocrx_word' id='word_1_130' title='bbox 785 1902 932 1965; x_wconf 86' lang='lat' dir='ltr'><strong>ergo</strong></span> <span class='ocrx_word' id='word_1_131' title='bbox 965 1888 1154 1948; x_wconf 86' lang='lat' dir='ltr'><strong>erunt</strong></span> <span class='ocrx_word' id='word_1_132' title='bbox 1184 1885 1469 1949; x_wconf 88' lang='lat' dir='ltr'><strong>homines</strong></span> <span class='ocrx_word' id='word_1_133' title='bbox 1504 1886 1743 1950; x_wconf 91' lang='lat' dir='ltr'><strong>deliciis</strong></span> <span class='ocrx_word' id='word_1_134' title='bbox 1776 1885 2137 1951; x_wconf 85' lang='lat' dir='ltr'><strong>diffluentes</strong></span> <span class='ocrx_word' id='word_1_135' title='bbox 2172 1886 2485 1963; x_wconf 90' lang='lat' dir='ltr'><strong>audiendi,</strong></span> <span class='ocrx_word' id='word_1_136' title='bbox 2533 1888 2587 1950; x_wconf 91' lang='lat' dir='ltr'><strong>si</strong></span> <span class='ocrx_word' id='word_1_137' title='bbox 2632 1887 2889 1968; x_wconf 88' lang='lat' dir='ltr'><strong>quando</strong></span> 
     </span>
     <span class='ocr_line' id='line_1_18' title="bbox 345 1959 2891 2077; baseline 0.002 -24.142"><span class='ocrx_word' id='word_1_138' title='bbox 345 1959 509 2054; x_wconf 74' lang='lat' dir='ltr'><strong>⁵²de</strong></span> <span class='ocrx_word' id='word_1_139' title='bbox 557 1991 854 2067; x_wconf 89' lang='lat' dir='ltr'><strong>amicitia,</strong></span> <span class='ocrx_word' id='word_1_140' title='bbox 903 2010 1097 2073; x_wconf 89' lang='lat' dir='ltr'><strong>quam</strong></span> <span class='ocrx_word' id='word_1_141' title='bbox 1143 2011 1260 2056; x_wconf 88' lang='lat' dir='ltr'><strong>nec</strong></span> <span class='ocrx_word' id='word_1_142' title='bbox 1309 2012 1430 2055; x_wconf 90' lang='lat' dir='ltr'><strong>usu</strong></span> <span class='ocrx_word' id='word_1_143' title='bbox 1475 2012 1593 2057; x_wconf 90' lang='lat' dir='ltr'><strong>nec</strong></span> <span class='ocrx_word' id='word_1_144' title='bbox 1638 1993 1881 2057; x_wconf 87' lang='lat' dir='ltr'><strong>ratione</strong></span> <span class='ocrx_word' id='word_1_145' title='bbox 1929 1994 2169 2058; x_wconf 86' lang='lat' dir='ltr'><strong>habent</strong></span> <span class='ocrx_word' id='word_1_146' title='bbox 2216 1995 2553 2073; x_wconf 88' lang='lat' dir='ltr'><strong>cognitam,</strong></span> <span class='ocrx_word' id='word_1_147' title='bbox 2601 1995 2891 2077; x_wconf 85' lang='lat' dir='ltr'><strong>disputa-</strong></span> 
     </span>
    </p>
   </div>
   <div class='ocr_carea' id='block_1_7' title="bbox 432 2128 852 2133">
    <p class='ocr_par' dir='ltr' id='par_1_8' title="bbox 432 2128 852 2133">
     <span class='ocr_line' id='line_1_19' title="bbox 432 2128 852 2133; baseline 0 0"><span class='ocrx_word' id='word_1_148' title='bbox 432 2128 852 2133; x_wconf 95' lang='lat' dir='ltr'><strong> </strong></span> 
     </span>
    </p>
   </div>
   <div class='ocr_carea' id='block_1_8' title="bbox 429 2202 1602 2361">
    <p class='ocr_par' dir='ltr' id='par_1_9' title="bbox 429 2202 1602 2361">
     <span class='ocr_line' id='line_1_20' title="bbox 430 2202 1602 2271; baseline 0.002 -16"><span class='ocrx_word' id='word_1_149' title='bbox 430 2202 538 2255; x_wconf 90' lang='lat' dir='ltr'><strong>lioh</strong></span> <span class='ocrx_word' id='word_1_150' title='bbox 680 2202 1156 2271; x_wconf 73' lang='lat' dir='ltr'><strong>undienstfeltig“.</strong></span> <span class='ocrx_word' id='word_1_151' title='bbox 1198 2236 1265 2244; x_wconf 86' lang='lat'><strong>——</strong></span> <span class='ocrx_word' id='word_1_152' title='bbox 1303 2222 1340 2257; x_wconf 88' lang='lat' dir='ltr'><strong>a</strong></span> <span class='ocrx_word' id='word_1_153' title='bbox 1376 2204 1602 2257; x_wconf 75' lang='lat' dir='ltr'><strong>caritate</strong></span> 
     </span>
     <span class='ocr_line' id='line_1_21' title="bbox 429 2292 1528 2361; baseline 0 -16"><span class='ocrx_word' id='word_1_154' title='bbox 429 2292 602 2361; x_wconf 73' lang='lat' dir='ltr'><strong>vulqi]</strong></span> <span class='ocrx_word' id='word_1_155' title='bbox 643 2292 1001 2360; x_wconf 88' lang='lat' dir='ltr'><strong>„allgemeine</strong></span> <span class='ocrx_word' id='word_1_156' title='bbox 1039 2293 1528 2353; x_wconf 58' lang='lat' dir='ltr'><strong>Menschenliebef‘.</strong></span> 
     </span>
    </p>
   </div>
   <div class='ocr_carea' id='block_1_9' title="bbox 431 2400 1611 4427">
    <p class='ocr_par' dir='ltr' id='par_1_10' title="bbox 431 2400 1611 4427">
     <span class='ocr_line' id='line_1_22' title="bbox 509 2400 1601 2470; baseline 0.001 -17"><span class='ocrx_word' id='word_1_157' title='bbox 509 2414 587 2453; x_wconf 77' lang='lat'><strong>51.</strong></span> <span class='ocrx_word' id='word_1_158' title='bbox 627 2400 798 2469; x_wconf 83' lang='lat' dir='ltr'><strong>Atque</strong></span> <span class='ocrx_word' id='word_1_159' title='bbox 825 2400 1011 2470; x_wconf 84' lang='lat' dir='ltr'><strong>etiam]</strong></span> <span class='ocrx_word' id='word_1_160' title='bbox 1052 2401 1174 2468; x_wconf 89' lang='lat' dir='ltr'><strong>„Ja,</strong></span> <span class='ocrx_word' id='word_1_161' title='bbox 1209 2401 1348 2454; x_wconf 87' lang='lat' dir='ltr'><strong>noch</strong></span> <span class='ocrx_word' id='word_1_162' title='bbox 1391 2401 1601 2454; x_wconf 72' lang='lat' dir='ltr'><strong>rneln·‘⁴.</strong></span> 
     </span>
     <span class='ocr_line' id='line_1_23' title="bbox 433 2489 1603 2560; baseline 0.001 -17"><span class='ocrx_word' id='word_1_163' title='bbox 433 2489 618 2544; x_wconf 89' lang='lat' dir='ltr'><strong>Dicses</strong></span> <span class='ocrx_word' id='word_1_164' title='bbox 655 2492 951 2558; x_wconf 81' lang='lat' dir='ltr'><strong>Argument</strong></span> <span class='ocrx_word' id='word_1_165' title='bbox 997 2491 1066 2543; x_wconf 86' lang='lat' dir='ltr'><strong>ist</strong></span> <span class='ocrx_word' id='word_1_166' title='bbox 1102 2508 1193 2543; x_wconf 91' lang='lat' dir='ltr'><strong>um</strong></span> <span class='ocrx_word' id='word_1_167' title='bbox 1231 2507 1287 2544; x_wconf 91' lang='lat' dir='ltr'><strong>so</strong></span> <span class='ocrx_word' id='word_1_168' title='bbox 1325 2491 1603 2560; x_wconf 84' lang='lat' dir='ltr'><strong>schlagen-</strong></span> 
     </span>
     <span class='ocr_line' id='line_1_24' title="bbox 431 2579 1606 2648; baseline 0.001 -16"><span class='ocrx_word' id='word_1_169' title='bbox 431 2580 554 2646; x_wconf 85' lang='lat' dir='ltr'><strong>der,</strong></span> <span class='ocrx_word' id='word_1_170' title='bbox 607 2579 684 2632; x_wconf 88' lang='lat' dir='ltr'><strong>als</strong></span> <span class='ocrx_word' id='word_1_171' title='bbox 734 2580 924 2648; x_wconf 87' lang='lat' dir='ltr'><strong>gerade</strong></span> <span class='ocrx_word' id='word_1_172' title='bbox 971 2580 1056 2632; x_wconf 89' lang='lat' dir='ltr'><strong>die</strong></span> <span class='ocrx_word' id='word_1_173' title='bbox 1106 2579 1412 2633; x_wconf 85' lang='lat' dir='ltr'><strong>Hedoniker</strong></span> <span class='ocrx_word' id='word_1_174' title='bbox 1457 2584 1606 2633; x_wconf 86' lang='lat' dir='ltr'><strong>sonst</strong></span> 
     </span>
     <span class='ocr_line' id='line_1_25' title="bbox 432 2665 1604 2735; baseline 0.003 -16"><span class='ocrx_word' id='word_1_175' title='bbox 432 2665 623 2721; x_wconf 86' lang='lat' dir='ltr'><strong>immer</strong></span> <span class='ocrx_word' id='word_1_176' title='bbox 676 2668 815 2720; x_wconf 89' lang='lat' dir='ltr'><strong>nach</strong></span> <span class='ocrx_word' id='word_1_177' title='bbox 871 2668 989 2721; x_wconf 90' lang='lat' dir='ltr'><strong>dem</strong></span> <span class='ocrx_word' id='word_1_178' title='bbox 1049 2668 1206 2735; x_wconf 81' lang='lat' dir='ltr'><strong>Reiz,</strong></span> <span class='ocrx_word' id='word_1_179' title='bbox 1279 2669 1384 2722; x_wconf 87' lang='lat' dir='ltr'><strong>den</strong></span> <span class='ocrx_word' id='word_1_180' title='bbox 1441 2672 1604 2723; x_wconf 78' lang='lat' dir='ltr'><strong>etwas</strong></span> 
     </span>
     <span class='ocr_line' id='line_1_26' title="bbox 432 2757 1603 2828; baseline 0.003 -20"><span class='ocrx_word' id='word_1_181' title='bbox 432 2757 611 2822; x_wconf 83' lang='lat' dir='ltr'><strong>bietet‚</strong></span> <span class='ocrx_word' id='word_1_182' title='bbox 641 2758 844 2825; x_wconf 81' lang='lat' dir='ltr'><strong>fragen.</strong></span> <span class='ocrx_word' id='word_1_183' title='bbox 877 2789 942 2796; x_wconf 89' lang='lat'><strong>—-</strong></span> <span class='ocrx_word' id='word_1_184' title='bbox 972 2758 1092 2810; x_wconf 83' lang='lat' dir='ltr'><strong>util.</strong></span> <span class='ocrx_word' id='word_1_185' title='bbox 1113 2776 1155 2811; x_wconf 79' lang='lat' dir='ltr'><strong>e.</strong></span> <span class='ocrx_word' id='word_1_186' title='bbox 1175 2760 1395 2826; x_wconf 61' lang='lat' dir='ltr'><strong>simunt</strong></span> <span class='ocrx_word' id='word_1_187' title='bbox 1417 2759 1603 2828; x_wconf 64' lang='lat' dir='ltr'><strong>amia]</strong></span> 
     </span>
     <span class='ocr_line' id='line_1_27' title="bbox 434 2843 1604 2916; baseline 0.003 -19"><span class='ocrx_word' id='word_1_188' title='bbox 434 2843 563 2911; x_wconf 85' lang='lat' dir='ltr'><strong>„die</strong></span> <span class='ocrx_word' id='word_1_189' title='bbox 599 2845 804 2899; x_wconf 81' lang='lat' dir='ltr'><strong>falsche</strong></span> <span class='ocrx_word' id='word_1_190' title='bbox 841 2847 1188 2916; x_wconf 82' lang='lat' dir='ltr'><strong>Vorstellung</strong></span> <span class='ocrx_word' id='word_1_191' title='bbox 1224 2864 1328 2900; x_wconf 86' lang='lat' dir='ltr'><strong>von</strong></span> <span class='ocrx_word' id='word_1_192' title='bbox 1364 2848 1604 2901; x_wconf 85' lang='lat' dir='ltr'><strong>Freund-</strong></span> 
     </span>
     <span class='ocr_line' id='line_1_28' title="bbox 434 2935 1605 2990; baseline 0.003 -3"><span class='ocrx_word' id='word_1_193' title='bbox 434 2935 678 2988; x_wconf 77' lang='lat' dir='ltr'><strong>schafteii</strong></span> <span class='ocrx_word' id='word_1_194' title='bbox 729 2952 823 2989; x_wconf 87' lang='lat' dir='ltr'><strong>aus</strong></span> <span class='ocrx_word' id='word_1_195' title='bbox 873 2936 1605 2990; x_wconf 82' lang='lat' dir='ltr'><strong>Niitzlichkeitsriicksichten</strong></span> 
     </span>
     <span class='ocr_line' id='line_1_29' title="bbox 433 3024 1608 3095; baseline 0.002 -18"><span class='ocrx_word' id='word_1_196' title='bbox 433 3024 603 3078; x_wconf 88' lang='lat' dir='ltr'><strong>haben</strong></span> <span class='ocrx_word' id='word_1_197' title='bbox 621 3027 677 3078; x_wconf 74' lang='lat' dir='ltr'><strong>“z</strong></span> <span class='ocrx_word' id='word_1_198' title='bbox 715 3026 836 3079; x_wconf 85' lang='lat' dir='ltr'><strong>util.</strong></span> <span class='ocrx_word' id='word_1_199' title='bbox 877 3043 1047 3079; x_wconf 78' lang='lat' dir='ltr'><strong>eausa</strong></span> <span class='ocrx_word' id='word_1_200' title='bbox 1081 3027 1274 3094; x_wconf 74' lang='lat' dir='ltr'><strong>gehort</strong></span> <span class='ocrx_word' id='word_1_201' title='bbox 1308 3026 1468 3081; x_wconf 70' lang='lat' dir='ltr'><strong>naml.</strong></span> <span class='ocrx_word' id='word_1_202' title='bbox 1505 3044 1608 3095; x_wconf 87' lang='lat' dir='ltr'><strong>eng</strong></span> 
     </span>
     <span class='ocr_line' id='line_1_30' title="bbox 435 3114 1606 3184; baseline 0.001 -17"><span class='ocrx_word' id='word_1_203' title='bbox 435 3131 502 3167; x_wconf 88' lang='lat' dir='ltr'><strong>zu</strong></span> <span class='ocrx_word' id='word_1_204' title='bbox 549 3114 740 3180; x_wconf 68' lang='lat' dir='ltr'><strong>amia,</strong></span> <span class='ocrx_word' id='word_1_205' title='bbox 793 3115 892 3168; x_wconf 91' lang='lat' dir='ltr'><strong>wie</strong></span> <span class='ocrx_word' id='word_1_206' title='bbox 937 3118 967 3184; x_wconf 66' lang='grc' dir='ltr'><strong>ξ</strong></span> <span class='ocrx_word' id='word_1_207' title='bbox 1005 3118 1074 3170; x_wconf 93' lang='grc'><strong>20</strong></span> <span class='ocrx_word' id='word_1_208' title='bbox 1122 3116 1374 3168; x_wconf 76' lang='lat' dir='ltr'><strong>omnium</strong></span> <span class='ocrx_word' id='word_1_209' title='bbox 1421 3134 1606 3169; x_wconf 83' lang='lat' dir='ltr'><strong>rerum</strong></span> 
     </span>
     <span class='ocr_line' id='line_1_31' title="bbox 434 3203 1605 3258; baseline 0.001 -2"><span class='ocrx_word' id='word_1_210' title='bbox 434 3221 560 3256; x_wconf 80' lang='lat' dir='ltr'><strong>cum</strong></span> <span class='ocrx_word' id='word_1_211' title='bbox 609 3203 776 3257; x_wconf 78' lang='lat' dir='ltr'><strong>benev.</strong></span> <span class='ocrx_word' id='word_1_212' title='bbox 828 3210 874 3257; x_wconf 86' lang='lat' dir='ltr'><strong>et</strong></span> <span class='ocrx_word' id='word_1_213' title='bbox 923 3204 1147 3257; x_wconf 77' lang='lat' dir='ltr'><strong>caritate</strong></span> <span class='ocrx_word' id='word_1_214' title='bbox 1195 3205 1488 3258; x_wconf 79' lang='lat' dir='ltr'><strong>consensio.</strong></span> <span class='ocrx_word' id='word_1_215' title='bbox 1539 3237 1605 3244; x_wconf 93' lang='lat'><strong>—-</strong></span> 
     </span>
     <span class='ocr_line' id='line_1_32' title="bbox 435 3293 1606 3362; baseline 0.001 -17"><span class='ocrx_word' id='word_1_216' title='bbox 435 3297 552 3345; x_wconf 84' lang='lat' dir='ltr'><strong>tum</strong></span> <span class='ocrx_word' id='word_1_217' title='bbox 582 3333 592 3344; x_wconf 90' lang='lat'>.</span> <span class='ocrx_word' id='word_1_218' title='bbox 617 3334 628 3344; x_wconf 95' lang='lat'>.</span> <span class='ocrx_word' id='word_1_219' title='bbox 653 3333 663 3343; x_wconf 92' lang='lat'><strong>.</strong></span> <span class='ocrx_word' id='word_1_220' title='bbox 693 3293 775 3362; x_wconf 78' lang='lat' dir='ltr'><strong>si]</strong></span> <span class='ocrx_word' id='word_1_221' title='bbox 817 3293 1201 3359; x_wconf 84' lang='lat' dir='ltr'><strong>„e1·stdann,</strong></span> <span class='ocrx_word' id='word_1_222' title='bbox 1241 3310 1371 3345; x_wconf 86' lang='lat' dir='ltr'><strong>nur</strong></span> <span class='ocrx_word' id='word_1_223' title='bbox 1397 3293 1451 3344; x_wconf 91' lang='lat' dir='ltr'><strong>in</strong></span> <span class='ocrx_word' id='word_1_224' title='bbox 1486 3293 1606 3346; x_wconf 77' lang='lat' dir='ltr'><strong>deni</strong></span> 
     </span>
     <span class='ocr_line' id='line_1_33' title="bbox 435 3381 1605 3451; baseline 0.001 -17"><span class='ocrx_word' id='word_1_225' title='bbox 435 3381 640 3434; x_wconf 55' lang='lat' dir='ltr'><strong>FaJless‘.</strong></span> <span class='ocrx_word' id='word_1_226' title='bbox 693 3413 759 3419; x_wconf 84' lang='lat'><strong>——</strong></span> <span class='ocrx_word' id='word_1_227' title='bbox 809 3386 884 3434; x_wconf 75' lang='lat' dir='ltr'><strong>est</strong></span> <span class='ocrx_word' id='word_1_228' title='bbox 917 3381 1240 3450; x_wconf 75' lang='lat' dir='ltr'><strong>profectum]</strong></span> <span class='ocrx_word' id='word_1_229' title='bbox 1281 3383 1605 3451; x_wconf 78' lang='lat' dir='ltr'><strong>„ausgeht“.</strong></span> 
     </span>
     <span class='ocr_line' id='line_1_34' title="bbox 434 3469 1608 3525; baseline 0.003 -4"><span class='ocrx_word' id='word_1_230' title='bbox 434 3469 692 3522; x_wconf 84' lang='lat' dir='ltr'><strong>Derselbe</strong></span> <span class='ocrx_word' id='word_1_231' title='bbox 729 3469 972 3523; x_wconf 84' lang='lat' dir='ltr'><strong>korrekte</strong></span> <span class='ocrx_word' id='word_1_232' title='bbox 1011 3471 1289 3524; x_wconf 86' lang='lat' dir='ltr'><strong>Ausdruck</strong></span> <span class='ocrx_word' id='word_1_233' title='bbox 1335 3472 1430 3525; x_wconf 87' lang='lat' dir='ltr'><strong>des</strong></span> <span class='ocrx_word' id='word_1_234' title='bbox 1469 3472 1608 3525; x_wconf 84' lang='lat' dir='ltr'><strong>Zeit-</strong></span> 
     </span>
     <span class='ocr_line' id='line_1_35' title="bbox 438 3557 1609 3629; baseline 0.004 -19"><span class='ocrx_word' id='word_1_235' title='bbox 438 3557 816 3611; x_wconf 74' lang='lat' dir='ltr'><strong>verhaltnisses</strong></span> <span class='ocrx_word' id='word_1_236' title='bbox 864 3558 939 3609; x_wconf 89' lang='lat' dir='ltr'><strong>im</strong></span> <span class='ocrx_word' id='word_1_237' title='bbox 975 3559 1087 3612; x_wconf 83' lang='lat' dir='ltr'><strong>Lat.</strong></span> <span class='ocrx_word' id='word_1_238' title='bbox 1139 3562 1168 3628; x_wconf 65' lang='grc' dir='ltr'>ξ</span> <span class='ocrx_word' id='word_1_239' title='bbox 1206 3563 1275 3614; x_wconf 90' lang='grc'><strong>22</strong></span> <span class='ocrx_word' id='word_1_240' title='bbox 1312 3579 1516 3629; x_wconf 82' lang='lat' dir='ltr'><strong>quoquo</strong></span> <span class='ocrx_word' id='word_1_241' title='bbox 1562 3567 1609 3614; x_wconf 80' lang='lat' dir='ltr'><strong>te</strong></span> 
     </span>
     <span class='ocr_line' id='line_1_36' title="bbox 435 3646 1611 3718; baseline 0.004 -20"><span class='ocrx_word' id='word_1_242' title='bbox 435 3646 668 3711; x_wconf 63' lang='lat' dir='ltr'><strong>vei-teria,</strong></span> <span class='ocrx_word' id='word_1_243' title='bbox 698 3647 768 3700; x_wconf 88' lang='lat'><strong>48</strong></span> <span class='ocrx_word' id='word_1_244' title='bbox 796 3646 858 3699; x_wconf 85' lang='lat' dir='ltr'><strong>id</strong></span> <span class='ocrx_word' id='word_1_245' title='bbox 885 3664 1010 3700; x_wconf 83' lang='lat' dir='ltr'><strong>cum</strong></span> <span class='ocrx_word' id='word_1_246' title='bbox 1031 3648 1269 3717; x_wconf 74' lang='lat' dir='ltr'><strong>contiyit.</strong></span> <span class='ocrx_word' id='word_1_247' title='bbox 1300 3682 1367 3689; x_wconf 93' lang='lat'>—</span> <span class='ocrx_word' id='word_1_248' title='bbox 1390 3655 1611 3718; x_wconf 75' lang='lat' dir='ltr'><strong>propte-r</strong></span> 
     </span>
     <span class='ocr_line' id='line_1_37' title="bbox 435 3722 1608 3804; baseline 0.003 -18"><span class='ocrx_word' id='word_1_249' title='bbox 435 3722 631 3804; x_wconf 46' lang='lat' dir='ltr'><strong>india]</strong></span> <span class='ocrx_word' id='word_1_250' title='bbox 671 3735 770 3788; x_wconf 90' lang='lat' dir='ltr'><strong>mit</strong></span> <span class='ocrx_word' id='word_1_251' title='bbox 811 3736 1116 3790; x_wconf 76' lang='lat' dir='ltr'><strong>utilitatum</strong></span> <span class='ocrx_word' id='word_1_252' title='bbox 1165 3756 1336 3792; x_wconf 77' lang='lat' dir='ltr'><strong>causa</strong></span> <span class='ocrx_word' id='word_1_253' title='bbox 1385 3757 1449 3791; x_wconf 92' lang='lat' dir='ltr'><strong>zu</strong></span> <span class='ocrx_word' id='word_1_254' title='bbox 1487 3756 1608 3792; x_wconf 85' lang='lat' dir='ltr'><strong>ver-</strong></span> 
     </span>
     <span class='ocr_line' id='line_1_38' title="bbox 435 3823 1608 3892; baseline 0.005 -18"><span class='ocrx_word' id='word_1_255' title='bbox 435 3823 682 3892; x_wconf 88' lang='lat' dir='ltr'><strong>gleichen</strong></span> <span class='ocrx_word' id='word_1_256' title='bbox 735 3842 786 3878; x_wconf 92' lang='lat' dir='ltr'><strong>u.</strong></span> <span class='ocrx_word' id='word_1_257' title='bbox 843 3827 1036 3879; x_wconf 84' lang='lat' dir='ltr'><strong>daraus</strong></span> <span class='ocrx_word' id='word_1_258' title='bbox 1099 3828 1197 3880; x_wconf 86' lang='lat' dir='ltr'><strong>der</strong></span> <span class='ocrx_word' id='word_1_259' title='bbox 1250 3828 1608 3882; x_wconf 88' lang='lat' dir='ltr'><strong>Uuterschied</strong></span> 
     </span>
     <span class='ocr_line' id='line_1_39' title="bbox 435 3916 1608 3982; baseline 0.003 -17"><span class='ocrx_word' id='word_1_260' title='bbox 435 3929 532 3965; x_wconf 67' lang='grc' dir='ltr'><strong>ΖΨ.</strong></span> <span class='ocrx_word' id='word_1_261' title='bbox 555 3918 773 3982; x_wconf 75' lang='lat' dir='ltr'><strong>propter</strong></span> <span class='ocrx_word' id='word_1_262' title='bbox 800 3932 852 3967; x_wconf 92' lang='lat' dir='ltr'><strong>u.</strong></span> <span class='ocrx_word' id='word_1_263' title='bbox 874 3932 1044 3969; x_wconf 79' lang='lat' dir='ltr'><strong>causa</strong></span> <span class='ocrx_word' id='word_1_264' title='bbox 1074 3933 1138 3968; x_wconf 88' lang='lat' dir='ltr'><strong>zu</strong></span> <span class='ocrx_word' id='word_1_265' title='bbox 1168 3916 1510 3969; x_wconf 82' lang='lat' dir='ltr'><strong>entwiokeln!</strong></span> <span class='ocrx_word' id='word_1_266' title='bbox 1541 3949 1608 3956; x_wconf 89' lang='lat'>—</span> 
     </span>
     <span class='ocr_line' id='line_1_40' title="bbox 433 4001 1607 4074; baseline 0.004 -21"><span class='ocrx_word' id='word_1_267' title='bbox 433 4006 496 4054; x_wconf 87' lang='lat' dir='ltr'><strong>ut</strong></span> <span class='ocrx_word' id='word_1_268' title='bbox 533 4001 606 4069; x_wconf 89' lang='lat' dir='ltr'><strong>ii,</strong></span> <span class='ocrx_word' id='word_1_269' title='bbox 655 4003 754 4071; x_wconf 83' lang='lat' dir='ltr'><strong>qui</strong></span> <span class='ocrx_word' id='word_1_270' title='bbox 910 4005 1145 4058; x_wconf 79' lang='lat' dir='ltr'><strong>minime</strong></span> <span class='ocrx_word' id='word_1_271' title='bbox 1181 4006 1272 4058; x_wconf 83' lang='lat' dir='ltr'><strong>alt.</strong></span> <span class='ocrx_word' id='word_1_272' title='bbox 1312 4005 1607 4074; x_wconf 71' lang='lat' dir='ltr'><strong>imiiqwnt,</strong></span> 
     </span>
     <span class='ocr_line' id='line_1_41' title="bbox 436 4091 1609 4162; baseline 0.003 -19"><span class='ocrx_word' id='word_1_273' title='bbox 436 4091 821 4145; x_wconf 73' lang='lat' dir='ltr'><strong>liberalissimi</strong></span> <span class='ocrx_word' id='word_1_274' title='bbox 864 4094 999 4162; x_wconf 81' lang='lat' dir='ltr'><strong>sint]</strong></span> <span class='ocrx_word' id='word_1_275' title='bbox 1050 4094 1141 4147; x_wconf 70' lang='lat' dir='ltr'><strong>La!</strong></span> <span class='ocrx_word' id='word_1_276' title='bbox 1149 4095 1231 4147; x_wconf 90' lang='lat' dir='ltr'><strong>ius</strong></span> <span class='ocrx_word' id='word_1_277' title='bbox 1287 4094 1433 4147; x_wconf 81' lang='lat' dir='ltr'><strong>stent</strong></span> <span class='ocrx_word' id='word_1_278' title='bbox 1486 4096 1609 4148; x_wconf 90' lang='lat' dir='ltr'><strong>dem</strong></span> 
     </span>
     <span class='ocr_line' id='line_1_42' title="bbox 437 4181 1607 4252; baseline 0.003 -20"><span class='ocrx_word' id='word_1_279' title='bbox 437 4195 540 4232; x_wconf 88' lang='lat' dir='ltr'><strong>von</strong></span> <span class='ocrx_word' id='word_1_280' title='bbox 561 4181 664 4234; x_wconf 87' lang='lat' dir='ltr'><strong>den</strong></span> <span class='ocrx_word' id='word_1_281' title='bbox 679 4181 1019 4235; x_wconf 83' lang='lat' dir='ltr'><strong>Hedonikern</strong></span> <span class='ocrx_word' id='word_1_282' title='bbox 1040 4185 1152 4252; x_wconf 74' lang='lat'><strong>§46</strong></span> <span class='ocrx_word' id='word_1_283' title='bbox 1171 4184 1607 4252; x_wconf 84' lang='lat' dir='ltr'><strong>vorgebrachten,</strong></span> 
     </span>
     <span class='ocr_line' id='line_1_43' title="bbox 437 4267 1609 4342; baseline 0.004 -21"><span class='ocrx_word' id='word_1_284' title='bbox 437 4267 650 4322; x_wconf 72' lang='lat' dir='ltr'><strong>ahnlich</strong></span> <span class='ocrx_word' id='word_1_285' title='bbox 699 4271 1116 4339; x_wconf 81' lang='lat' dir='ltr'><strong>ausgedriickten</strong></span> <span class='ocrx_word' id='word_1_286' title='bbox 1164 4272 1609 4342; x_wconf 76' lang='lat' dir='ltr'><strong>Erfahrungssatz</strong></span> 
     </span>
     <span class='ocr_line' id='line_1_44' title="bbox 439 4357 1611 4427; baseline 0.006 -19"><span class='ocrx_word' id='word_1_287' title='bbox 439 4359 541 4423; x_wconf 79' lang='lat' dir='ltr'><strong>„ut</strong></span> <span class='ocrx_word' id='word_1_288' title='bbox 577 4357 745 4427; x_wconf 86' lang='lat' dir='ltr'><strong>quisq.</strong></span> <span class='ocrx_word' id='word_1_289' title='bbox 777 4359 1053 4412; x_wconf 87' lang='lat' dir='ltr'><strong>minimum</strong></span> <span class='ocrx_word' id='word_1_290' title='bbox 1083 4359 1353 4414; x_wconf 77' lang='lat' dir='ltr'><strong>firmitatis</strong></span> <span class='ocrx_word' id='word_1_291' title='bbox 1391 4362 1611 4416; x_wconf 79' lang='lat' dir='ltr'><strong>haberet</strong></span> 
     </span>
    </p>
   </div>
   <div class='ocr_carea' id='block_1_10' title="bbox 1711 2204 2891 4427">
    <p class='ocr_par' dir='ltr' id='par_1_11' title="bbox 1711 2204 2891 4234">
     <span class='ocr_line' id='line_1_45' title="bbox 1711 2204 2889 2273; baseline 0.001 -17"><span class='ocrx_word' id='word_1_292' title='bbox 1711 2204 1933 2257; x_wconf 87' lang='lat' dir='ltr'><strong>minimu</strong></span> <span class='ocrx_word' id='word_1_293' title='bbox 1940 2221 2042 2273; x_wconf 89' lang='lat' dir='ltr'><strong>mq.</strong></span> <span class='ocrx_word' id='word_1_294' title='bbox 2059 2204 2269 2270; x_wconf 83' lang='lat' dir='ltr'><strong>virium,</strong></span> <span class='ocrx_word' id='word_1_295' title='bbox 2290 2205 2364 2257; x_wconf 86' lang='lat' dir='ltr'><strong>ita</strong></span> <span class='ocrx_word' id='word_1_296' title='bbox 2379 2204 2638 2257; x_wconf 84' lang='lat' dir='ltr'><strong>amicitias</strong></span> <span class='ocrx_word' id='word_1_297' title='bbox 2652 2205 2889 2258; x_wconf 81' lang='lat' dir='ltr'><strong>maxime</strong></span> 
     </span>
     <span class='ocr_line' id='line_1_46' title="bbox 1712 2293 2889 2362; baseline 0.001 -16"><span class='ocrx_word' id='word_1_298' title='bbox 1712 2296 1961 2361; x_wconf 73' lang='lat' dir='ltr'><strong>appetem</strong></span> <span class='ocrx_word' id='word_1_299' title='bbox 1974 2298 2004 2323; x_wconf 74' lang='lat'><strong>‘·</strong></span> <span class='ocrx_word' id='word_1_300' title='bbox 2052 2293 2201 2347; x_wconf 90' lang='lat' dir='ltr'><strong>seine</strong></span> <span class='ocrx_word' id='word_1_301' title='bbox 2238 2294 2333 2346; x_wconf 86' lang='lat' dir='ltr'><strong>das</strong></span> <span class='ocrx_word' id='word_1_302' title='bbox 2372 2294 2646 2362; x_wconf 85' lang='lat' dir='ltr'><strong>Gegenteil</strong></span> <span class='ocrx_word' id='word_1_303' title='bbox 2684 2294 2889 2347; x_wconf 84' lang='lat' dir='ltr'><strong>bekun·</strong></span> 
     </span>
     <span class='ocr_line' id='line_1_47' title="bbox 1712 2383 2890 2452; baseline 0.001 -17"><span class='ocrx_word' id='word_1_304' title='bbox 1712 2383 1883 2436; x_wconf 90' lang='lat' dir='ltr'><strong>dende</strong></span> <span class='ocrx_word' id='word_1_305' title='bbox 1910 2383 2217 2451; x_wconf 85' lang='lat' dir='ltr'><strong>Erfahrung</strong></span> <span class='ocrx_word' id='word_1_306' title='bbox 2236 2384 2513 2452; x_wconf 79' lang='lat' dir='ltr'><strong>entgegen.</strong></span> <span class='ocrx_word' id='word_1_307' title='bbox 2540 2416 2608 2422; x_wconf 94' lang='lat'>—</span> <span class='ocrx_word' id='word_1_308' title='bbox 2628 2383 2823 2452; x_wconf 76' lang='lat' dir='ltr'><strong>opibus</strong></span> <span class='ocrx_word' id='word_1_309' title='bbox 2842 2389 2890 2436; x_wconf 85' lang='lat' dir='ltr'><strong>et</strong></span> 
     </span>
     <span class='ocr_line' id='line_1_48' title="bbox 1711 2473 2887 2542; baseline 0 -16"><span class='ocrx_word' id='word_1_310' title='bbox 1711 2473 1906 2542; x_wconf 81' lang='lat' dir='ltr'><strong>copiis]</strong></span> <span class='ocrx_word' id='word_1_311' title='bbox 1928 2473 2046 2526; x_wconf 83' lang='lat' dir='ltr'><strong>Abl.</strong></span> <span class='ocrx_word' id='word_1_312' title='bbox 2069 2489 2236 2526; x_wconf 73' lang='lat' dir='ltr'><strong>caus:</strong></span> <span class='ocrx_word' id='word_1_313' title='bbox 2260 2477 2599 2541; x_wconf 73' lang='lat' dir='ltr'><strong>„vermoge“.</strong></span> <span class='ocrx_word' id='word_1_314' title='bbox 2624 2505 2688 2512; x_wconf 91' lang='lat'>—</span> <span class='ocrx_word' id='word_1_315' title='bbox 2710 2475 2887 2542; x_wconf 79' lang='lat' dir='ltr'><strong>atque]</strong></span> 
     </span>
     <span class='ocr_line' id='line_1_49' title="bbox 1712 2561 2889 2630; baseline 0.001 -17"><span class='ocrx_word' id='word_1_316' title='bbox 1712 2561 1813 2615; x_wconf 88' lang='lat' dir='ltr'><strong>wie</strong></span> <span class='ocrx_word' id='word_1_317' title='bbox 1864 2563 1999 2615; x_wconf 91' lang='lat' dir='ltr'><strong>oben</strong></span> <span class='ocrx_word' id='word_1_318' title='bbox 2050 2567 2207 2630; x_wconf 68' lang='lat' dir='ltr'><strong>atque</strong></span> <span class='ocrx_word' id='word_1_319' title='bbox 2242 2561 2425 2615; x_wconf 80' lang='lat' dir='ltr'><strong>etiam.</strong></span> <span class='ocrx_word' id='word_1_320' title='bbox 2498 2563 2582 2615; x_wconf 89' lang='lat' dir='ltr'><strong>Im</strong></span> <span class='ocrx_word' id='word_1_321' title='bbox 2620 2563 2889 2615; x_wconf 83' lang='lat' dir='ltr'><strong>Interesse</strong></span> 
     </span>
     <span class='ocr_line' id='line_1_50' title="bbox 1712 2651 2889 2720; baseline -0.001 -17"><span class='ocrx_word' id='word_1_322' title='bbox 1712 2651 1810 2704; x_wconf 88' lang='lat' dir='ltr'><strong>der</strong></span> <span class='ocrx_word' id='word_1_323' title='bbox 1823 2651 2305 2720; x_wconf 82' lang='lat' dir='ltr'><strong>uneigenniitzigen</strong></span> <span class='ocrx_word' id='word_1_324' title='bbox 2320 2651 2676 2719; x_wconf 70' lang='lat' dir='ltr'><strong>Bethatigung</strong></span> <span class='ocrx_word' id='word_1_325' title='bbox 2692 2668 2889 2720; x_wconf 89' lang='lat' dir='ltr'><strong>gegen-</strong></span> 
     </span>
     <span class='ocr_line' id='line_1_51' title="bbox 1714 2739 2891 2808; baseline 0.002 -16"><span class='ocrx_word' id='word_1_326' title='bbox 1714 2740 1929 2808; x_wconf 85' lang='lat' dir='ltr'><strong>seitiger</strong></span> <span class='ocrx_word' id='word_1_327' title='bbox 1965 2739 2125 2792; x_wconf 90' lang='lat' dir='ltr'><strong>Liebe</strong></span> <span class='ocrx_word' id='word_1_328' title='bbox 2173 2741 2378 2807; x_wconf 70' lang='lat' dir='ltr'><strong>(studia</strong></span> <span class='ocrx_word' id='word_1_329' title='bbox 2421 2745 2609 2793; x_wconf 74' lang='lat' dir='ltr'><strong>nostra</strong></span> <span class='ocrx_word' id='word_1_330' title='bbox 2648 2765 2711 2783; x_wconf 95' lang='lat'>=</span> <span class='ocrx_word' id='word_1_331' title='bbox 2752 2742 2783 2808; x_wconf 65' lang='grc' dir='ltr'><strong>ξ</strong></span> <span class='ocrx_word' id='word_1_332' title='bbox 2819 2742 2891 2794; x_wconf 83' lang='grc'><strong>49</strong></span> 
     </span>
     <span class='ocr_line' id='line_1_52' title="bbox 1713 2829 2889 2896; baseline -0.002 -13"><span class='ocrx_word' id='word_1_333' title='bbox 1713 2829 2033 2883; x_wconf 76' lang='lat' dir='ltr'><strong>vicissitudo</strong></span> <span class='ocrx_word' id='word_1_334' title='bbox 2069 2829 2397 2896; x_wconf 81' lang='lat' dir='ltr'><strong>studiorum)</strong></span> <span class='ocrx_word' id='word_1_335' title='bbox 2436 2829 2550 2881; x_wconf 69' lang='lat' dir='ltr'><strong>halt</strong></span> <span class='ocrx_word' id='word_1_336' title='bbox 2586 2829 2765 2882; x_wconf 69' lang='lat' dir='ltr'><strong>Lalius</strong></span> <span class='ocrx_word' id='word_1_337' title='bbox 2802 2829 2889 2882; x_wconf 87' lang='lat' dir='ltr'><strong>die</strong></span> 
     </span>
     <span class='ocr_line' id='line_1_53' title="bbox 1714 2917 2887 2986; baseline -0.001 -16"><span class='ocrx_word' id='word_1_338' title='bbox 1714 2917 1907 2986; x_wconf 67' lang='lat' dir='ltr'><strong>vollige</strong></span> <span class='ocrx_word' id='word_1_339' title='bbox 1935 2917 2472 2986; x_wconf 84' lang='lat' dir='ltr'><strong>Bediirfnislosigkeit</strong></span> <span class='ocrx_word' id='word_1_340' title='bbox 2505 2917 2656 2970; x_wconf 89' lang='lat' dir='ltr'><strong>nicht</strong></span> <span class='ocrx_word' id='word_1_341' title='bbox 2692 2917 2887 2971; x_wconf 88' lang='lat' dir='ltr'><strong>einmal</strong></span> 
     </span>
     <span class='ocr_line' id='line_1_54' title="bbox 1714 3006 2891 3060; baseline 0.001 -1"><span class='ocrx_word' id='word_1_342' title='bbox 1714 3009 1807 3060; x_wconf 80' lang='lat' dir='ltr'><strong>fiir</strong></span> <span class='ocrx_word' id='word_1_343' title='bbox 1843 3007 2326 3060; x_wconf 85' lang='lat' dir='ltr'><strong>wiinschenswert:</strong></span> <span class='ocrx_word' id='word_1_344' title='bbox 2364 3006 2710 3060; x_wconf 79' lang='lat' dir='ltr'><strong>der-Freund</strong></span> <span class='ocrx_word' id='word_1_345' title='bbox 2748 3007 2891 3060; x_wconf 80' lang='lat' dir='ltr'><strong>muts</strong></span> 
     </span>
     <span class='ocr_line' id='line_1_55' title="bbox 1717 3095 2891 3164; baseline -0.003 -14"><span class='ocrx_word' id='word_1_346' title='bbox 1717 3096 2064 3164; x_wconf 86' lang='lat' dir='ltr'><strong>Gelegenheit</strong></span> <span class='ocrx_word' id='word_1_347' title='bbox 2112 3095 2315 3162; x_wconf 87' lang='lat' dir='ltr'><strong>haben,</strong></span> <span class='ocrx_word' id='word_1_348' title='bbox 2367 3096 2487 3148; x_wconf 91' lang='lat' dir='ltr'><strong>dem</strong></span> <span class='ocrx_word' id='word_1_349' title='bbox 2525 3096 2773 3149; x_wconf 85' lang='lat' dir='ltr'><strong>Freunde</strong></span> <span class='ocrx_word' id='word_1_350' title='bbox 2826 3113 2891 3148; x_wconf 87' lang='lat' dir='ltr'><strong>zu</strong></span> 
     </span>
     <span class='ocr_line' id='line_1_56' title="bbox 1716 3185 2890 3252; baseline -0.002 -14"><span class='ocrx_word' id='word_1_351' title='bbox 1716 3185 1917 3239; x_wconf 77' lang='lat' dir='ltr'><strong>helsen.</strong></span> <span class='ocrx_word' id='word_1_352' title='bbox 1970 3217 2035 3224; x_wconf 88' lang='lat'><strong>-—</strong></span> <span class='ocrx_word' id='word_1_353' title='bbox 2086 3185 2236 3237; x_wconf 75' lang='lat' dir='ltr'><strong>haud</strong></span> <span class='ocrx_word' id='word_1_354' title='bbox 2268 3185 2446 3238; x_wconf 81' lang='lat' dir='ltr'><strong>sciam</strong></span> <span class='ocrx_word' id='word_1_355' title='bbox 2483 3185 2579 3252; x_wconf 80' lang='lat' dir='ltr'><strong>au]</strong></span> <span class='ocrx_word' id='word_1_356' title='bbox 2620 3185 2761 3236; x_wconf 89' lang='lat' dir='ltr'><strong>noch</strong></span> <span class='ocrx_word' id='word_1_357' title='bbox 2799 3202 2890 3237; x_wconf 91' lang='lat' dir='ltr'><strong>zu-</strong></span> 
     </span>
     <span class='ocr_line' id='line_1_57' title="bbox 1717 3273 2889 3338; baseline 0 -12"><span class='ocrx_word' id='word_1_358' title='bbox 1717 3273 2127 3327; x_wconf 78' lang='lat' dir='ltr'><strong>riickhaltender</strong></span> <span class='ocrx_word' id='word_1_359' title='bbox 2163 3273 2240 3326; x_wconf 87' lang='lat' dir='ltr'><strong>als</strong></span> <span class='ocrx_word' id='word_1_360' title='bbox 2278 3273 2427 3326; x_wconf 78' lang='lat' dir='ltr'><strong>haud</strong></span> <span class='ocrx_word' id='word_1_361' title='bbox 2460 3273 2575 3326; x_wconf 79' lang='lat' dir='ltr'><strong>scio</strong></span> <span class='ocrx_word' id='word_1_362' title='bbox 2612 3289 2715 3338; x_wconf 81' lang='lat' dir='ltr'><strong>au,</strong></span> <span class='ocrx_word' id='word_1_363' title='bbox 2768 3273 2889 3326; x_wconf 83' lang='lat' dir='ltr'><strong>das-</strong></span> 
     </span>
     <span class='ocr_line' id='line_1_58' title="bbox 1716 3361 2891 3418; baseline -0.002 -2"><span class='ocrx_word' id='word_1_364' title='bbox 1716 3363 1861 3418; x_wconf 90' lang='lat' dir='ltr'><strong>selbe</strong></span> <span class='ocrx_word' id='word_1_365' title='bbox 1915 3361 2223 3416; x_wconf 69' lang='lat' dir='ltr'><strong>Verhaltnis</strong></span> <span class='ocrx_word' id='word_1_366' title='bbox 2287 3362 2387 3414; x_wconf 84' lang='lat' dir='ltr'><strong>wie</strong></span> <span class='ocrx_word' id='word_1_367' title='bbox 2453 3361 2719 3414; x_wconf 88' lang='lat' dir='ltr'><strong>zwischen</strong></span> <span class='ocrx_word' id='word_1_368' title='bbox 2782 3379 2891 3414; x_wconf 77' lang='lat' dir='ltr'><strong>nou</strong></span> 
     </span>
     <span class='ocr_line' id='line_1_59' title="bbox 1716 3450 2888 3520; baseline -0.003 -14"><span class='ocrx_word' id='word_1_369' title='bbox 1716 3454 1901 3506; x_wconf 81' lang='lat' dir='ltr'><strong>dicam</strong></span> <span class='ocrx_word' id='word_1_370' title='bbox 1938 3470 1989 3505; x_wconf 93' lang='lat' dir='ltr'><strong>u.</strong></span> <span class='ocrx_word' id='word_1_371' title='bbox 2027 3470 2139 3506; x_wconf 78' lang='lat' dir='ltr'><strong>mm</strong></span> <span class='ocrx_word' id='word_1_372' title='bbox 2173 3452 2310 3518; x_wconf 77' lang='lat' dir='ltr'><strong>dico,</strong></span> <span class='ocrx_word' id='word_1_373' title='bbox 2348 3452 2453 3504; x_wconf 82' lang='lat' dir='ltr'><strong>sed.</strong></span> <span class='ocrx_word' id='word_1_374' title='bbox 2506 3483 2571 3490; x_wconf 91' lang='lat'>—</span> <span class='ocrx_word' id='word_1_375' title='bbox 2624 3468 2759 3520; x_wconf 75' lang='lat' dir='ltr'><strong>opus</strong></span> <span class='ocrx_word' id='word_1_376' title='bbox 2795 3450 2888 3518; x_wconf 77' lang='lat' dir='ltr'><strong>sit]</strong></span> 
     </span>
     <span class='ocr_line' id='line_1_60' title="bbox 1717 3539 2747 3610; baseline -0.001 -16"><span class='ocrx_word' id='word_1_377' title='bbox 1717 3542 1821 3610; x_wconf 85' lang='lat' dir='ltr'><strong>vgl.</strong></span> <span class='ocrx_word' id='word_1_378' title='bbox 1854 3559 1918 3594; x_wconf 90' lang='lat' dir='ltr'><strong>zu</strong></span> <span class='ocrx_word' id='word_1_379' title='bbox 1956 3546 1986 3610; x_wconf 64' lang='grc' dir='ltr'><strong>ξ</strong></span> <span class='ocrx_word' id='word_1_380' title='bbox 2013 3543 2085 3598; x_wconf 91' lang='grc'><strong>40</strong></span> <span class='ocrx_word' id='word_1_381' title='bbox 2116 3546 2472 3610; x_wconf 82' lang='lat' dir='ltr'><strong>oporteat.—</strong></span> <span class='ocrx_word' id='word_1_382' title='bbox 2510 3539 2747 3608; x_wconf 83' lang='lat' dir='ltr'><strong>ubi]=</strong></span> 
     </span>
     <span class='ocr_line' id='line_1_61' title="bbox 1716 3629 2887 3698; baseline -0.003 -15"><span class='ocrx_word' id='word_1_383' title='bbox 1716 3631 1782 3683; x_wconf 80' lang='lat' dir='ltr'><strong>iu</strong></span> <span class='ocrx_word' id='word_1_384' title='bbox 1817 3648 1888 3683; x_wconf 65' lang='lat' dir='ltr'><strong>ra</strong></span> <span class='ocrx_word' id='word_1_385' title='bbox 1929 3661 1996 3669; x_wconf 84' lang='lat'><strong>—-</strong></span> <span class='ocrx_word' id='word_1_386' title='bbox 2034 3630 2352 3698; x_wconf 71' lang='lat' dir='ltr'><strong>viquissent]</strong></span> <span class='ocrx_word' id='word_1_387' title='bbox 2392 3629 2564 3697; x_wconf 70' lang='lat' dir='ltr'><strong>viqere</strong></span> <span class='ocrx_word' id='word_1_388' title='bbox 2592 3629 2732 3682; x_wconf 81' lang='lat' dir='ltr'><strong>wohl</strong></span> <span class='ocrx_word' id='word_1_389' title='bbox 2770 3645 2887 3682; x_wconf 84' lang='lat' dir='ltr'><strong>vom</strong></span> 
     </span>
     <span class='ocr_line' id='line_1_62' title="bbox 1718 3718 2889 3785; baseline -0.005 -12"><span class='ocrx_word' id='word_1_390' title='bbox 1718 3719 1901 3773; x_wconf 89' lang='lat' dir='ltr'><strong>selben</strong></span> <span class='ocrx_word' id='word_1_391' title='bbox 1957 3719 2160 3773; x_wconf 85' lang='lat' dir='ltr'><strong>Stamm</strong></span> <span class='ocrx_word' id='word_1_392' title='bbox 2216 3719 2317 3772; x_wconf 87' lang='lat' dir='ltr'><strong>wie</strong></span> <span class='ocrx_word' id='word_1_393' title='bbox 2371 3719 2575 3771; x_wconf 67' lang='lat' dir='ltr'><strong>vicere:</strong></span> <span class='ocrx_word' id='word_1_394' title='bbox 2636 3718 2889 3785; x_wconf 85' lang='lat' dir='ltr'><strong>„-lebens</strong></span> 
     </span>
     <span class='ocr_line' id='line_1_63' title="bbox 1718 3806 2889 3876; baseline -0.003 -15"><span class='ocrx_word' id='word_1_395' title='bbox 1718 3809 1913 3876; x_wconf 69' lang='lat' dir='ltr'><strong>kraftig</strong></span> <span class='ocrx_word' id='word_1_396' title='bbox 1932 3807 2065 3874; x_wconf 80' lang='lat' dir='ltr'><strong>sein,</strong></span> <span class='ocrx_word' id='word_1_397' title='bbox 2096 3807 2242 3860; x_wconf 89' lang='lat' dir='ltr'><strong>seine</strong></span> <span class='ocrx_word' id='word_1_398' title='bbox 2262 3808 2421 3861; x_wconf 82' lang='lat' dir='ltr'><strong>Kraft</strong></span> <span class='ocrx_word' id='word_1_399' title='bbox 2440 3806 2745 3875; x_wconf 65' lang='lat' dir='ltr'><strong>bethatigen</strong></span> <span class='ocrx_word' id='word_1_400' title='bbox 2758 3810 2805 3858; x_wconf 82' lang='grc'><strong>“.</strong></span> <span class='ocrx_word' id='word_1_401' title='bbox 2824 3837 2889 3844; x_wconf 84' lang='grc'>-</span> 
     </span>
     <span class='ocr_line' id='line_1_64' title="bbox 1716 3898 2890 3966; baseline -0.003 -16"><span class='ocrx_word' id='word_1_402' title='bbox 1716 3915 2022 3966; x_wconf 80' lang='lat' dir='ltr'><strong>numquam</strong></span> <span class='ocrx_word' id='word_1_403' title='bbox 2156 3914 2250 3949; x_wconf 77' lang='lat' dir='ltr'><strong>nec</strong></span> <span class='ocrx_word' id='word_1_404' title='bbox 2383 3898 2499 3964; x_wconf 80' lang='lat' dir='ltr'><strong>uec]</strong></span> <span class='ocrx_word' id='word_1_405' title='bbox 2526 3911 2569 3948; x_wconf 89' lang='lat' dir='ltr'><strong>s.</strong></span> <span class='ocrx_word' id='word_1_406' title='bbox 2604 3898 2890 3964; x_wconf 79' lang='lat' dir='ltr'><strong>zu§10ue</strong></span> 
     </span>
     <span class='ocr_line' id='line_1_65' title="bbox 1720 3984 2889 4056; baseline -0.003 -16"><span class='ocrx_word' id='word_1_407' title='bbox 1720 4029 1731 4040; x_wconf 92' lang='lat'><strong>.</strong></span> <span class='ocrx_word' id='word_1_408' title='bbox 1756 4029 1767 4040; x_wconf 91' lang='lat'><strong>.</strong></span> <span class='ocrx_word' id='word_1_409' title='bbox 1791 4029 1802 4040; x_wconf 91' lang='lat'><strong><em>.</em></strong></span> <span class='ocrx_word' id='word_1_410' title='bbox 1832 3987 2064 4056; x_wconf 84' lang='lat' dir='ltr'><strong>quidem.</strong></span> <span class='ocrx_word' id='word_1_411' title='bbox 2118 3987 2224 4039; x_wconf 82' lang='lat' dir='ltr'><strong>Zur</strong></span> <span class='ocrx_word' id='word_1_412' title='bbox 2250 3985 2419 4039; x_wconf 87' lang='lat' dir='ltr'><strong>Sache</strong></span> <span class='ocrx_word' id='word_1_413' title='bbox 2448 3984 2551 4054; x_wconf 88' lang='lat' dir='ltr'><strong>vgl.</strong></span> <span class='ocrx_word' id='word_1_414' title='bbox 2582 3984 2721 4038; x_wconf 82' lang='lat' dir='ltr'><strong>Einl.</strong></span> <span class='ocrx_word' id='word_1_415' title='bbox 2743 3987 2792 4040; x_wconf 87' lang='lat'><strong>3.</strong></span> <span class='ocrx_word' id='word_1_416' title='bbox 2823 4015 2889 4022; x_wconf 84' lang='lat'><strong>——</strong></span> 
     </span>
     <span class='ocr_line' id='line_1_66' title="bbox 1716 4074 2889 4145; baseline -0.003 -15"><span class='ocrx_word' id='word_1_417' title='bbox 1716 4095 1830 4130; x_wconf 80' lang='lat' dir='ltr'><strong>nou</strong></span> <span class='ocrx_word' id='word_1_418' title='bbox 1866 4077 2040 4145; x_wconf 71' lang='lat' dir='ltr'><strong>iyitur</strong></span> <span class='ocrx_word' id='word_1_419' title='bbox 2076 4076 2200 4144; x_wconf 82' lang='lat' dir='ltr'><strong>etc.]</strong></span> <span class='ocrx_word' id='word_1_420' title='bbox 2250 4074 2355 4143; x_wconf 82' lang='lat' dir='ltr'><strong>vgl.</strong></span> <span class='ocrx_word' id='word_1_421' title='bbox 2393 4077 2424 4143; x_wconf 63' lang='grc' dir='ltr'><strong>ξ</strong></span> <span class='ocrx_word' id='word_1_422' title='bbox 2461 4075 2531 4130; x_wconf 78' lang='lat'><strong>30</strong></span> <span class='ocrx_word' id='word_1_423' title='bbox 2574 4075 2667 4127; x_wconf 79' lang='lat' dir='ltr'><strong>scd</strong></span> <span class='ocrx_word' id='word_1_424' title='bbox 2700 4091 2889 4142; x_wconf 83' lang='lat' dir='ltr'><strong>quam-</strong></span> 
     </span>
     <span class='ocr_line' id='line_1_67' title="bbox 1718 4165 2561 4234; baseline -0.004 -16"><span class='ocrx_word' id='word_1_425' title='bbox 1718 4183 1884 4234; x_wconf 82' lang='lat' dir='ltr'><strong>quam</strong></span> <span class='ocrx_word' id='word_1_426' title='bbox 1920 4165 2186 4218; x_wconf 82' lang='lat' dir='ltr'><strong>utilitates</strong></span> <span class='ocrx_word' id='word_1_427' title='bbox 2222 4165 2425 4217; x_wconf 82' lang='lat' dir='ltr'><strong>multae</strong></span> <span class='ocrx_word' id='word_1_428' title='bbox 2462 4166 2561 4216; x_wconf 83' lang='lat' dir='ltr'><strong>ete.</strong></span> 
     </span>
    </p>

    <p class='ocr_par' dir='ltr' id='par_1_12' title="bbox 1722 4269 2891 4427">
     <span class='ocr_line' id='line_1_68' title="bbox 1788 4269 2890 4341; baseline -0.009 -13"><span class='ocrx_word' id='word_1_429' title='bbox 1788 4274 1941 4341; x_wconf 74' lang='lat' dir='ltr'><strong>Kal).</strong></span> <span class='ocrx_word' id='word_1_430' title='bbox 1978 4274 2071 4330; x_wconf 82' lang='lat'><strong>15.</strong></span> <span class='ocrx_word' id='word_1_431' title='bbox 2135 4285 2214 4326; x_wconf 67' lang='lat'><strong>52.</strong></span> <span class='ocrx_word' id='word_1_432' title='bbox 2245 4269 2537 4338; x_wconf 77' lang='lat' dir='ltr'><strong>audiendi]</strong></span> <span class='ocrx_word' id='word_1_433' title='bbox 2569 4269 2890 4335; x_wconf 69' lang='lat' dir='ltr'><strong>„vel-dienen</strong></span> 
     </span>
     <span class='ocr_line' id='line_1_69' title="bbox 1722 4352 2891 4427; baseline -0.007 -12"><span class='ocrx_word' id='word_1_434' title='bbox 1722 4404 1733 4416; x_wconf 93' lang='lat'><strong>.</strong></span> <span class='ocrx_word' id='word_1_435' title='bbox 1758 4405 1769 4415; x_wconf 91' lang='lat'><strong>.</strong></span> <span class='ocrx_word' id='word_1_436' title='bbox 1794 4367 1857 4415; x_wconf 82' lang='grc'><strong>.“.</strong></span> <span class='ocrx_word' id='word_1_437' title='bbox 1897 4394 1965 4400; x_wconf 88' lang='grc'>-</span> <span class='ocrx_word' id='word_1_438' title='bbox 2010 4379 2117 4414; x_wconf 82' lang='lat' dir='ltr'><strong>usu-</strong></span> <span class='ocrx_word' id='word_1_439' title='bbox 2156 4402 2167 4412; x_wconf 91' lang='lat'><em>.</em></span> <span class='ocrx_word' id='word_1_440' title='bbox 2204 4401 2214 4411; x_wconf 91' lang='lat'>.</span> <span class='ocrx_word' id='word_1_441' title='bbox 2251 4401 2262 4412; x_wconf 87' lang='lat'><em>.</em></span> <span class='ocrx_word' id='word_1_442' title='bbox 2300 4359 2531 4427; x_wconf 80' lang='lat' dir='ltr'><strong>ratione]</strong></span> <span class='ocrx_word' id='word_1_443' title='bbox 2581 4352 2891 4426; x_wconf 82' lang='lat' dir='ltr'><strong>„praktiscli</strong></span> 
     </span>
    </p>
   </div>
   <div class='ocr_carea' id='block_1_11' title="bbox 3159 1688 3165 2734">
    <p class='ocr_par' dir='ltr' id='par_1_13' title="bbox 3159 1688 3165 2734">
     <span class='ocr_line' id='line_1_70' title="bbox 3159 1688 3165 2734; baseline 0 0"><span class='ocrx_word' id='word_1_444' title='bbox 3159 1688 3165 2734; x_wconf 95' lang='lat' dir='ltr'><strong> </strong></span> 
     </span>
    </p>
   </div>
  </div>
 </body>
</html>
