3175 4825
1429 321 1472 357 c.
1511 306 1561 359 8.
1603 306 1651 359 9.
2697 296 2770 356 83

311 471 599 551 usurpet,
647 486 806 548 quos
855 484 1208 548 numquam
1258 465 1533 529 viderit?
1584 465 1725 546 quis
1774 467 1991 529 autem
2040 466 2155 540 est,
2204 463 2312 544 qui
2350 461 2768 543 Tarquinium

316 574 695 657 Superbum,
744 574 853 656 qui
904 573 1008 656 Sp.
1047 573 1360 648 Cassium,
1410 571 1514 654 Sp.
1561 572 1868 636 Maelium
1915 590 2037 635 nou
2088 570 2335 634 oderit?
2407 568 2567 634 Cum
2615 567 2769 631 duo-

313 682 432 746 bus
479 681 747 746 ducibus
795 680 873 746 de
919 681 1181 763 imperio
1227 681 1293 743 in
1323 678 1516 743 Italia
1548 683 1649 742 est
1679 678 2094 752 decertatum,
2142 676 2384 759 Pyrrho
2432 677 2498 739 et
2526 674 2769 738 Hanni-

313 789 489 853 bale:
538 789 618 852 ab
667 788 866 852 altero
910 790 1170 870 propter
1214 786 1601 870 probitatem
1648 786 1783 849 eius
1831 804 1957 849 non
2004 785 2193 847 nimis
2241 783 2477 847 alienos
2526 781 2768 844 animos

314 896 642 969 habemus,
691 895 962 959 alterum
997 898 1254 977 propter
1285 892 1730 958 crudelitatem
1782 910 2032 974 semper
2077 891 2235 954 haec
2280 890 2503 954 civit-as
2551 888 2769 952 oderit.

316 1000 555 1080 Quodsi
602 1003 785 1065 tanta
832 1002 926 1064 vis
974 1001 1304 1083 probitatis
1353 1002 1471 1072 est,
1517 1002 1591 1063 ut
1639 1018 1780 1063 eam
1829 999 1928 1062 vel
1973 999 2038 1061 in
2085 998 2180 1072 iia,
2227 1015 2385 1078 quos
2416 986 2856 1115 numquam99

315 1108 618 1183 vidimuS,
681 1109 812 1183 vel,
875 1108 1039 1189 quod
1103 1109 1311 1171 maius
1373 1112 1500 1183 est,
1559 1108 1626 1170 in
1685 1108 1867 1170 hoste
1928 1106 2125 1170 etiam
2186 1104 2556 1185 diligamu8,
2618 1072 2820 1183 quid²

315 1216 552 1279 mirum
599 1218 714 1291 est,
761 1216 813 1278 si
862 1215 1058 1278 animi
1104 1214 1434 1277 hominum
1468 1215 1874 1285 moveantur,
1908 1232 2056 1276 cum
2104 1230 2343 1287 eorum,
2392 1210 2770 1291 quibuscum

315 1341 439 1387 usu
489 1323 805 1386 coniuncti
851 1340 989 1385 esse
1038 1323 1331 1403 possunt,
1395 1322 1701 1384 virtutem
1764 1323 1829 1383 et
1885 1320 2236 1383 bonitatem
2284 1316 2636 1401 perspicere
2684 1316 2773 1377 vi·

317 1429 592 1495 deantur
606 1430 638 1491 ⁴?

731 1427 1139 1509 Quamquam
1197 1427 1747 1492 confirmatur
1802 1445 2019 1489 amor
2066 1428 2144 1489 et
2189 1424 2599 1489 beneficio
2648 1442 2773 1486 ac-

316 1538 551 1619 cepto
613 1541 690 1599 et
752 1535 1028 1600 studio
1091 1537 1528 1618 perspecto
1583 1540 1662 1599 et
1707 1533 2303 1599 consuetudine
2351 1531 2773 1605 adiuncta,

317 1644 550 1725 quibus
600 1644 791 1707 rebus
841 1642 920 1705 ad
968 1643 1152 1705 illum
1198 1642 1474 1725 primum
1520 1643 1768 1705 motum
1826 1641 2020 1704 animi
2076 1649 2141 1709 et
2196 1643 2427 1708 amoris
2476 1644 2772 1707 adhibitis

317 1923 724 1991 (Vecellinum),
781 1926 872 1993 Sp.
924 1926 1206 1978 Maelium.
1283 1923 1494 1978 Cassius

315 2030 366 2065 u.
396 2011 626 2066 Maelius
655 2012 871 2081 erlagen
900 2013 1054 2068 beide
1091 2014 1214 2067 dem
1250 2011 1491 2081 gleichen

316 2100 616 2169 Vardacht,
666 2102 783 2156 dass
833 2104 910 2156 sie
961 2103 1098 2155 nach
1148 2103 1244 2156 der
1287 2101 1493 2155 Allein-

315 2190 622 2244 herrschaft
656 2192 912 2259 strebten,
959 2193 1115 2260 jener
1149 2193 1272 2257 485,
1321 2191 1497 2245 dieser

314 2282 439 2339 439.
487 2282 606 2351 vgl.
637 2284 668 2351 ξ
695 2285 764 2339 39
785 2282 888 2335 Μ’.
913 2281 1159 2346 Οιιήαφη,
1189 2281 1263 2333 Τι’.
1289 2281 1494 2335 Corun-

314 2372 548 2426 canium
561 2415 574 2439 ,
627 2372 830 2428 ebenda
887 2372 940 2426 Ο.
989 2371 1160 2426 Carbo
1173 2413 1187 2438 ,
1247 2371 1300 2425 Ο.
1349 2370 1490 2437 Cato,

320 2464 420 2518 101
475 2462 537 2514 Ρ.
588 2462 795 2528 Rutili,
847 2462 913 2514 A.
961 2461 1201 2530 Veryini.
1260 2490 1328 2501 -
1385 2477 1493 2513 me-

313 2551 558 2604 moriam
593 2553 834 2620 usurpet]
883 2568 1153 2619 usurpare
1201 2554 1318 2617 (aus
1363 2567 1494 2602 usu-

313 2640 554 2708 rapere),
612 2639 710 2708 eig.
770 2640 868 2708 „in
918 2639 1195 2694 Gebrauch
1246 2639 1493 2698 nehmen,

315 2728 621 2795 ausiiben“,
650 2728 767 2782 hier
796 2729 924 2794 „die
953 2728 1290 2797 Erinnerung
1319 2728 1493 2782 wach-

315 2819 537 2872 mfen“.
562 2848 629 2856 —
649 2835 781 2886 quos
799 2835 854 2870 n.
875 2817 1089 2887 viderit]
1110 2816 1402 2870 konzessiv.
1426 2849 1492 2857 —

311 2908 530 2976 Pyrrho
583 2912 632 2960 et
687 2906 1021 2975 Hannibale]
1077 2905 1242 2960 Nicht
1304 2906 1496 2960 immer

311 2996 461 3051 fault
507 2997 594 3050 die
645 2995 975 3064 Praposition
1024 3011 1123 3049 vor
1171 2997 1267 3048 der
1316 2998 1493 3063 Appo-

315 3085 477 3139 sition
514 3101 648 3153 weg,
690 3085 792 3153 vgl.
832 3084 968 3138 oben
1005 3087 1036 3154 ξ
1067 3087 1129 3139 11
1161 3085 1224 3138 de
1249 3084 1494 3138 moribus

314 3174 640 3242 facillimi-3,
691 3174 754 3226 de
783 3173 984 3242 pietaoe
1020 3176 1119 3226 etc.
1173 3206 1236 3212 —
1287 3174 1494 3227 alienos

314 3263 558 3332 animos]
599 3262 1018 3331 „Abneigung“.
1059 3293 1125 3301 —
1165 3281 1222 3330 p.
1263 3263 1493 3316 erudeli-

314 3353 500 3420 tatem]
539 3351 670 3405 Dies
718 3368 831 3404 war
877 3352 972 3404 das
1023 3351 1363 3420 angemeine,
1412 3352 1492 3419 je-

315 3440 458 3494 doch
493 3439 822 3508 ungerechte
859 3439 1032 3496 Urteil
1073 3441 1170 3494 der
1206 3441 1415 3494 Romer.

389 3619 541 3686 Kal).
584 3623 642 3677 9.
726 3630 807 3672 29.
845 3619 926 3671 vel
960 3618 1026 3670 in
1061 3618 1160 3686 eis]
1201 3618 1494 3684 steigernd3

314 3708 410 3760 das
460 3705 586 3775 folg.
635 3708 714 3760 vel
763 3708 904 3775 quod
950 3707 1140 3760 maius
1187 3713 1262 3760 est
1307 3747 1340 3775 „
1351 3707 1494 3774 oder,

316 3811 428 3850 was
465 3796 604 3849 noch
641 3796 797 3848 mehr
831 3813 992 3864 sagen
1032 3796 1198 3849 will“.
1248 3828 1316 3836 —
1362 3797 1499 3864 quid

313 3885 532 3938 mirum
577 3890 680 3952 est,
735 3885 792 3938 si
841 3927 852 3937 .
889 3925 900 3938 .
938 3927 949 3939 .
999 3887 1335 3955 moveantur]
1393 3887 1495 3940 Ge-

317 3973 588 4028 wohnlich
634 3974 706 4027 ist
751 3974 836 4028 bei
883 3975 1006 4028 dem
1055 3975 1154 4028 mit
1202 3975 1352 4029 einer
1386 3975 1436 4029 N
1440 3991 1494 4029 6-

314 4062 496 4132 gation
535 4063 664 4116 oder
712 4063 886 4116 einem
924 4063 1228 4132 Fragewort
1262 4063 1494 4117 verbun-

313 4152 496 4204 denen
531 4151 743 4205 mirum
778 4152 865 4205 die
896 4152 1108 4221 Kopula
1141 4152 1494 4221 ausgelassen,

317 4257 370 4292 u.
411 4256 471 4293 es
516 4240 652 4308 folgt
689 4241 816 4295 weit
862 4241 1106 4310 haufiger
1151 4243 1207 4295 si
1241 4241 1340 4295 mit
1373 4241 1496 4294 dem

315 4327 489 4382 Indik.
531 4329 610 4382 als
647 4329 745 4382 mit
771 4330 892 4384 dem
920 4330 1109 4399 Konj.;
1147 4331 1222 4384 im
1255 4333 1496 4384 ersteren

1602 1927 1749 1981 Falle
1786 1928 1919 1980 wird
1949 1928 2036 1980 ein
2063 1927 2359 1995 gegebenes
2388 1926 2776 1995 (vorliegendes

1604 2017 1732 2069 oder
1767 2016 1845 2069 als
1882 2015 2187 2084 vorliegend
2224 2015 2607 2083 angesehenes)
2639 2014 2774 2068 Fal<-

1602 2108 1743 2171 tum,
1794 2105 1868 2157 im
1906 2104 2130 2158 zweiten
2167 2104 2253 2158 ein
2302 2104 2533 2169 solches,
2583 2104 2774 2157 dessen

1602 2194 1821 2247 Eintritt
1869 2210 1993 2246 man
2041 2194 2317 2259 erwartet,
2373 2191 2452 2246 als
2507 2192 2777 2245 natiirlich

1607 2281 1915 2336 betrachtet.
1966 2314 2030 2321 —
2088 2284 2294 2351 eorum]
2342 2283 2425 2336 Im
2476 2282 2540 2334 D.
2592 2282 2777 2334 wiirde

1601 2372 1698 2427 der
1724 2372 1853 2426 Gen.
1891 2372 1985 2426 das
2013 2372 2313 2426 Pronomen
2348 2371 2405 2424 in
2443 2370 2561 2425 eine
2600 2370 2778 2425 seiner

1602 2461 1918 2530 Bedeutung
1954 2461 2103 2514 nicht
2154 2461 2574 2529 entsprechende
2610 2461 2776 2516 Stelle

1604 2549 1821 2618 riicken,
1858 2551 2073 2604 darum:
2112 2550 2298 2617 „bei,
2338 2567 2406 2604 an
2438 2552 2673 2606 denen“.
2705 2583 2773 2592 —·

1602 2657 1711 2693 usu
1746 2639 2028 2692 coniuncti
2059 2642 2193 2709 esse]
2232 2641 2332 2707 „in
2361 2657 2610 2709 angerem
2640 2641 2775 2693 Ver-

1604 2728 1736 2782 kehr
1771 2729 2020 2782 stehen“.
2075 2761 2142 2768 -
2192 2747 2318 2782 cum
2357 2771 2367 2782 .
2393 2771 2403 2782 .
2429 2771 2439 2782 .
2473 2731 2777 2800 perspicere

1602 2818 1910 2886 videantur]
1949 2818 2061 2871 Der
2098 2819 2253 2886 Konj.
2304 2819 2473 2884 steht,
2523 2818 2646 2872 weil
2682 2819 2779 2873 der

1604 2907 1727 2961 Satz
1778 2906 1897 2960 eine
1934 2906 2279 2961 wesentliche
2315 2908 2634 2977 Erganzung
2682 2909 2777 2962 des

1604 2995 2103 3063 konjunktivischen
2152 2995 2336 3050 Satzes
2389 2997 2445 3048 si
2500 3038 2511 3048 .
2549 3038 2559 3049 .
2594 3038 2604 3049 .
2660 3015 2777 3050 mo-

1606 3089 1829 3138 veantwr
1856 3084 2035 3138 bildet.
2092 3085 2344 3153 Dagegen
2369 3085 2512 3138 steht
2532 3092 2775 3153 possunt,

1607 3173 1725 3228 weil
1763 3174 1859 3226 der
1896 3172 2217 3227 Relativsatz
2253 3190 2357 3226 nur
2391 3175 2495 3227 den
2532 3175 2777 3228 substan-

1609 3262 1867 3316 tivischen
1886 3262 2098 3332 Begrifi
2119 3263 2325 3316 civium
2344 3263 2687 3317 umschreibt.
2709 3295 2777 3302 ——

1605 3354 1959 3421 quamquam]
2030 3352 2138 3405 Das
2202 3369 2379 3421 sogen.
2444 3370 2780 3421 quamquam

1606 3441 2049 3495 correctivum
2124 3442 2446 3510 ‚,indessen,
2521 3442 2778 3496 1161Ιί611ιι

1605 3531 1756 3585 leitet
1805 3531 1962 3585 einen
2008 3530 2401 3599 selbstiindigen
2440 3531 2560 3584 Satz
2599 3532 2688 3584 ein
2725 3549 2776 3584 u.

1605 3620 1754 3673 dient
1790 3619 1908 3674 hier
1944 3621 2096 3686 dazu,
2135 3620 2232 3673 der
2269 3621 2549 3674 Annahme
2586 3637 2779 3674 vorzu-

1604 3709 1839 3777 beugen.
1896 3710 1974 3762 als
2032 3709 2097 3762 ob
2152 3709 2249 3762 der
2302 3709 2469 3764 blosse
2520 3710 2633 3777 Zug
2685 3710 2781 3762 des

1610 3798 1877 3866 Herzens,
1943 3799 2037 3851 der
2102 3798 2386 3867 alleidings
2441 3799 2543 3851 den
2601 3801 2780 3852 ersten

1607 3887 1831 3940 Antrieb
1860 3904 1957 3940 zur
1982 3887 2374 3941 Freundschaft
2402 3886 2579 3954 bildet,
2614 3887 2781 3941 sehon

1605 3979 1827 4044 geniige.
1895 4008 1961 4014 —
2032 3978 2231 4045 studio]
2294 3976 2644 4046 „Neigung“.
2713 4009 2779 4017 —-

1605 4065 2005 4134 eonmoetudine]
2045 4066 2200 4119 Auch
2237 4066 2335 4118 wir
2379 4065 2640 4134 sprechen
2676 4082 2781 4119 von

1606 4193 1638 4221 „
1650 4155 1855 4208 trauter
1869 4154 2219 4208 Gewohnheit
2230 4159 2276 4206 “.
2298 4186 2364 4194 —
2386 4154 2582 4222 quibus
2600 4154 2778 4224 rebus]

1606 4243 1821 4309 „Wenn
1872 4243 1986 4297 dies
2025 4247 2161 4298 ...“.
2215 4275 2277 4283 -
2328 4249 2377 4296 et
2412 4244 2642 4312 amoris]
2696 4259 2780 4296 er-

1604 4334 1762 4400 ganzt
1816 4333 1985 4386 durch
2034 4333 2343 4400 Hendiadys
2399 4333 2503 4385 den
2561 4348 2627 4384 zu
2682 4330 2779 4383 all-
