3175 4825
1431 326 1476 363 c.
1517 312 1601 363 14.
1642 312 1725 365 15.
2735 308 2803 368 51

341 473 526 535 bunt.
595 471 764 535 Nam
814 472 956 553 quis
1006 474 1120 548 est,
1167 490 1278 554 pro
1327 470 1588 536 deorum
1621 471 1811 535 fidem
1844 474 2034 553 atque
2067 472 2429 536 hominum!
2479 472 2590 553 qui
2634 473 2805 549 velit,

341 580 422 641 nt
480 597 687 659 neque
749 578 974 659 diligat
1033 596 1420 659 quemquam
1481 596 1599 642 nec
1655 578 1791 660 ipse
1840 578 1919 642 ab
1970 579 2097 642 ullo
2146 579 2477 661 diligatur,
2538 578 2807 643 circum-

339 684 544 749 fluere
592 685 884 748 omnibus
932 685 1124 767 copiis
1173 688 1366 765 atque
1413 685 1478 748 in
1528 685 1811 749 omnium
1860 703 2075 749 rerum
2124 686 2517 749 abundantia
2545 685 2803 749 vivere?

339 791 524 855 Haec
571 792 738 855 enim
775 793 874 855 est
906 793 1324 873 tyrannorum
1359 792 1491 856 vita
1521 792 1845 868 nimirum,
1890 792 1958 856 in
2006 810 2133 872 qua
2178 792 2357 855 nulla
2401 792 2581 869 fides,
2626 793 2805 856 nulla

337 896 598 973 caritas,
644 898 825 960 nulla
857 898 1102 962 stabilis
1119 896 1610 962 ‘benevolentiae
1642 900 1854 981 potest
1900 917 2038 962 esse
2084 898 2333 976 fiducia,
2380 899 2591 963 omnia
2639 918 2805 963 sem-

339 1022 460 1086 per
522 1007 817 1086 suspecta
881 1006 1072 1085 atque
1136 1005 1432 1080 sollicita,
1492 1005 1712 1069 nullus
1767 1005 1943 1069 locus
1992 1006 2327 1070 amicitiae.
2419 1004 2601 1085 Quis*
2633 1006 2802 1070 enim
2828 1026 2895 1068 53

337 1112 461 1173 aut
506 1129 654 1175 eum
701 1110 951 1193 diligat,
1000 1130 1190 1193 quem
1238 1114 1517 1188 metuat,
1565 1114 1681 1175 aut
1726 1130 1903 1188 eum,
1950 1130 1988 1175 a
2036 1130 2160 1193 quo
2210 1130 2276 1176 se
2323 1113 2527 1177 metui
2571 1115 2800 1196 putet?

335 1216 661 1282 Coluntur
719 1220 938 1282 tamen
999 1218 1402 1282 simulatione
1459 1217 1797 1282 dumtaxat
1842 1218 1923 1281 ad
1970 1221 2241 1301 tempus.

2334 1217 2575 1298 Quodsi
2619 1219 2800 1298 forte,

335 1326 419 1387 nt
472 1324 547 1387 fit
591 1312 1012 1407 plerumque,
1059 1324 1450 1401 ceciderunt,
1511 1328 1656 1389 tum
1702 1325 2121 1406 intellegitur,
2183 1343 2378 1406 quam
2424 1325 2662 1389 fuerint
2706 1326 2802 1389 in-

333 1449 494 1513 opes
543 1431 911 1496 amicorum.
990 1430 1172 1510 Quod
1203 1432 1623 1513 Tarquinium
1670 1430 1901 1496 dixisse
1948 1431 2178 1509 ferunt,
2225 1435 2364 1496 tum
2404 1434 2801 1497 exsulantem

335 1555 412 1600 se
459 1537 862 1614 intellexisse,
910 1558 1067 1620 quos
1114 1539 1272 1603 fidos
1320 1539 1557 1603 amicos
1589 1539 1939 1615 habuisset,
1986 1557 2144 1619 quos
2188 1525 2432 1616 infidos
2479 1559 2625 1603 cum
2669 1541 2801 1604 iam

333 1644 590 1708 neutris
622 1646 894 1727 gratiam
941 1646 1176 1710 referre
1223 1648 1455 1728 posset.
1526 1644 1935 1728 Quamquam
1980 1646 2192 1722 miror,
2238 1647 2349 1710 illa
2396 1647 2690 1730 superbia
2736 1649 2801 1711 et
2824 1666 2883 1707 54

333 1750 830 1831 importunitate
864 1752 917 1815 si
950 1772 1338 1834 quemquam
1371 1751 1648 1817 amicum
1680 1753 1911 1816 habere
1943 1753 2170 1835 potuit.
2237 1754 2451 1835 Atque
2486 1756 2562 1817 ut
2590 1754 2801 1831 huiuS,

333 1868 534 1875 .——

331 1967 354 1979 -
389 1968 400 1979 .
435 1967 446 1978 .
485 1926 867 1981 theoretisch“.
923 1960 990 1967 —
1046 1928 1420 1998 disputabunt]
1473 1945 1514 1981 s,

331 2033 408 2068 zu
445 2018 476 2083 ξ
511 2016 582 2071 59
611 2016 844 2085 putabit.
893 2049 961 2055 —
1005 2036 1109 2086 pro
1154 2018 1292 2071 deor.
1328 2018 1370 2085 f.
1409 2023 1514 2086 atq.

333 2105 506 2173 hova]
545 2104 675 2171 „bei
711 2106 896 2172 Gott‘g
933 2106 1516 2174 Beteuerungsformel,

340 2194 398 2245 in
436 2193 670 2247 welcher
718 2195 815 2247 der
849 2198 975 2248 Ace.
1031 2196 1166 2248 nach
1211 2196 1308 2249 der
1341 2196 1516 2249 Inter-

335 2282 542 2351 jektion
595 2300 702 2351 pro
765 2283 881 2336 sich
944 2284 1113 2337 durch
1177 2284 1263 2337 die
1319 2283 1518 2353 Ellipse

335 2372 492 2425 eines
546 2372 717 2426 Verbs
767 2372 862 2427 des
910 2372 1324 2441 BesohworenS,
1383 2384 1519 2428 etwa

330 2465 516 2527 testor,
548 2461 758 2514 erklart.
790 2494 856 2501 —
885 2464 966 2532 ut]
1010 2489 1073 2506 =
1113 2481 1177 2517 ea
1203 2464 1519 2517 cmaedieiom

331 2555 428 2614 ut,
495 2550 616 2604 hier
677 2551 775 2603 mit
828 2552 926 2605 der
978 2551 1268 2620 Negation:
1335 2553 1516 2620 „ohne

330 2641 471 2692 zu‘fi
503 2671 570 2678 —
599 2640 976 2708 circumfluere
1003 2659 1144 2694 omn.
1175 2624 1307 2710 ουχὶ]
1344 2642 1518 2709 „alles

329 2728 396 2780 in
425 2727 1011 2783 iiberstromender
1038 2730 1188 2784 Fiille
1217 2731 1514 2784 besitzen“.

336 2817 469 2871 Man
507 2817 730 2871 beachte
767 2818 852 2871 die
890 2819 1174 2872 ehiastisoh
1209 2837 1275 2872 zu
1303 2821 1520 2889 Anfang

331 2907 448 2959 und
475 2907 637 2968 ‚Ende
686 2907 998 2975 gestellten,
1050 2909 1154 2961 den
1190 2909 1312 2963 Satz
1351 2908 1517 2963 sehon

332 2995 801 3050 abschliel'senden
831 2997 1010 3051 Verba
1046 2998 1244 3066 diliyat
1274 3039 1284 3050 .
1310 3039 1320 3050 .
1345 3039 1356 3050 .
1386 2998 1516 3052 dili-

321 3090 517 3154 gatur,
556 3085 932 3154 circumflua-e
961 3127 972 3138 .
997 3127 1007 3138 .
1032 3127 1043 3138 .
1073 3086 1257 3139 vivere.
1297 3119 1365 3126 —-
1403 3104 1517 3139 om·

329 3174 504 3227 m’um
541 3176 748 3244 rerum]
788 3174 872 3227 bei
901 3175 1204 3228 abundatia
1236 3175 1384 3228 nicht
1421 3175 1520 3227 mit

329 3280 409 3316 zu
457 3263 793 3318 iibersetzen.
848 3295 914 3304 --
964 3264 1260 3334 nimir-mn]
1314 3264 1412 3333 eig.
1451 3281 1517 3317 ne

335 3351 567 3417 mirum,
598 3351 750 3405 lehnt
775 3353 898 3421 jede
915 3353 1360 3422 Verwunderung
1385 3353 1519 3408 iiber

327 3440 428 3495 -ein
466 3441 640 3495 Urteil
682 3442 748 3495 ab
785 3459 835 3495 u.
875 3443 1074 3510 besagt‚
1116 3442 1232 3496 dass
1269 3459 1392 3496 man
1429 3443 1516 3496 ein

327 3530 551 3583 solches
622 3531 1018 3584 unbedenklich
1090 3530 1377 3585 hinstellen
1452 3551 1516 3586 zu

326 3619 537 3671 diii-fen
566 3619 764 3687 glaubt‚
803 3619 924 3674 hier
950 3620 1076 3686 also,
1114 3620 1232 3675 dass
1259 3621 1352 3674 das
1381 3621 1516 3675 eben

327 3708 569 3775 Gesagte
607 3709 701 3760 auf
748 3709 844 3762 das
881 3709 1062 3762 Leben
1100 3709 1198 3762 der
1233 3710 1516 3778 Tyrannen

331 3796 736 3850 *unbedenklieh
764 3798 1082 3866 angewandt
1106 3799 1322 3852 werden
1357 3799 1515 3865 kann,

329 3885 678 3952 „offenbar“
709 3886 932 3940 zutrifft.
971 3915 1037 3926 -
1074 3887 1264 3940 omnia
1290 3889 1515 3957 semper]

331 3973 445 4042 vgl.
500 3991 566 4027 zu
614 3977 644 4043 ξ
693 3977 726 4029 2
774 3991 928 4044 saepe
977 3975 1165 4028 multa.
1251 3975 1375 4030 Man
1427 3976 1516 4030 be-

332 4063 497 4117 achte
536 4063 674 4116 auch
707 4063 796 4117 die
824 4064 1146 4132 Erganzung
1179 4065 1274 4117 des
1311 4063 1516 4120 blossen

327 4169 450 4205 «esse
487 4167 583 4205 aus
613 4157 784 4221 potest
818 4170 941 4206 esse.

418 4254 498 4295 aa.
537 4258 695 4309 quem
724 4243 947 4310 metuat]
988 4242 1131 4308 „den
1173 4259 1233 4295 er
1265 4243 1515 4295 fiirch‘ten

341 4345 396 4380 m
415 4331 666 4397 iisste“‚
705 4330 901 4384 ebenso
929 4332 1108 4385 iibels.
1131 4335 1294 4399 putet.
1327 4361 1393 4370 —-
1431 4349 1516 4384 eo·

1626 1929 1817 1981 lautu-r
1866 1934 2047 1981 tamen
2093 1930 2216 1997 eta]
2238 1986 2247 1993 ,
2266 1929 2376 1982 Das
2425 1930 2563 1983 nach
2614 1931 2802 1984 aussen

1626 2016 1741 2071 sich
1791 2017 2172 2085 kundgebende
2221 2018 2385 2070 colere
2436 2017 2506 2071 ist
2558 2019 2682 2071 dem
2720 2019 2801 2071 in-

1627 2122 1793 2159 neren
1843 2106 2397 2159 freundschaftlichen
2436 2107 2635 2160 Gefiihl
2684 2110 2801 2161 ent-

1625 2197 2012 2263 gegengesetzt.
2070 2227 2137 2234 —
2193 2196 2496 2265 dumtaxat]
2552 2222 2615 2241 =
2669 2198 2802 2250 dum

1626 2283 1751 2351 quis
1789 2288 1941 2337 taxat
1976 2285 2044 2352 (d.
2075 2284 2127 2337 h.
2159 2301 2316 2337 wenn
2353 2301 2478 2337 man
2517 2301 2575 2339 es
2610 2302 2800 2354 genau,

1627 2372 1913 2442 cigentlich
1949 2373 2177 2442 nimmt),
2217 2374 2335 2428 eine
2364 2374 2800 2430 beschriinkende

1625 2462 1881 2516 Partikel:
1904 2461 2259 2532 „allerdings“
2273 2481 2379 2516 nur
2393 2481 2514 2517 zum
2524 2464 2734 2518 Schein.
2750 2494 2800 2500 —

1625 2551 1699 2604 ad
1760 2553 1987 2620 tempus]
2063 2552 2227 2618 „eine
2292 2553 2407 2605 Zeit
2479 2552 2661 2622 lang“.
2730 2585 2796 2593 —

1626 2641 1846 2709 quodsi]
1904 2658 1968 2694 zu
2025 2643 2055 2710 ξ
2104 2643 2189 2696 23.
2249 2673 2315 2680 —
2371 2642 2540 2712 quod]
2590 2642 2801 2696 bezieht

1626 2729 1741 2782 sich
1770 2731 1864 2782 auf
1889 2731 1992 2782 den
2020 2730 2200 2784 Inhalt
2226 2731 2322 2784 des
2354 2732 2799 2800 vorangehenden

1625 2817 1809 2872 Satzes
1846 2818 2068 2888 („einen
2102 2819 2319 2873 solchen
2349 2820 2679 2873 Gedanken“
2718 2821 2798 2874 od.

1626 2907 1875 2976 kurzweg
1902 2923 2004 2974 „so
2019 2909 2072 2975 “)
2096 2925 2148 2961 u.
2171 2908 2345 2962 erhfflt
2368 2908 2517 2962 seine
2535 2926 2801 2977 genauere

1626 2995 1995 3064 Bestimmung
2030 2996 2103 3048 im
2147 2996 2431 3064 folgenden
2470 3002 2587 3050 tum
2621 3015 2675 3051 se
2711 2998 2799 3050 in·

1627 3083 1883 3138 tdloeeisse
1902 3087 2000 3137 eto.
2018 3116 2084 3123 —
2112 3090 2230 3138 tum
2247 3086 2599 3155 eat-sedantem]
2630 3087 2803 3154 „jetzt

1628 3177 1765 3226 erst
1801 3173 1856 3226 in
1885 3174 1983 3226 der
2009 3173 2432 3242 Verbannung“.
2464 3207 2531 3214 —-
2556 3175 2803 3243 qratiam

1625 3262 1842 3332 rosewe]
1882 3263 1955 3315 im
1991 3265 2156 3332 guten
2194 3263 2293 3316 wie
2325 3262 2398 3316 im
2428 3263 2591 3318 bosen
2620 3263 2799 3330 Sinne,

1628 3350 1727 3404 wie
1764 3368 1929 3405 unser
1964 3352 2227 3419 „lohnen,
2266 3352 2602 3422 vergelten“.

1703 3454 1783 3494 οι.
1849 3441 2217 3511 mmmm]
2284 3443 2637 3496 correctivum
2654 3483 2668 3510 ‚
2736 3461 2802 3496 zu

1626 3532 1657 3598 ἕ
1692 3531 1778 3584 29.
1832 3561 1899 3569 -
1944 3530 2122 3583 miror
2160 3572 2171 3583 .
2206 3572 2217 3583 .
2255 3572 2267 3584 .
2305 3531 2387 3600 si]
2432 3557 2495 3575 =
2533 3537 2803 3605 θαυμάζω

1626 3625 1677 3674 εἰ
1702 3619 1896 3672 driiokt
1914 3619 2034 3672 eine
2064 3619 2162 3672 mit
2189 3620 2478 3674 Zweifel
2508 3621 2801 3689 gemischte

1626 3708 2071 3777 Verwunderung
2108 3725 2229 3775 aus,
2280 3710 2470 3762 darum
2509 3710 2644 3762 auch
2683 3726 2801 3778 pas-

1627 3796 1759 3849 send
1797 3798 2105 3866 qui-Quam.
2146 3830 2214 3837 -
2263 3799 2367 3852 illa
2402 3815 2520 3867 sup.
2560 3804 2609 3852 et
2644 3799 2799 3868 imp]

1631 3911 1694 3930 =
1733 3903 1859 3940 eum
1896 3888 2000 3940 illa
2035 3905 2155 3957 sup.
2193 3893 2241 3940 et
2276 3888 2410 3957 imp.
2457 3893 2619 3942 esset:
2673 3928 2704 3954 „
2717 3888 2803 3942 bei

1626 3975 1828 4028 seinem
1885 3976 2185 4030 bekannten
2253 4017 2310 4030 ..
2347 4019 2358 4030 .
2413 3977 2675 4030 Wesen“.
2733 4008 2801 4016 —

1624 4064 1835 4135 habere]
1885 4066 2007 4120 hier
2052 4067 2153 4119 wie
2206 4065 2281 4118 im
2337 4082 2448 4119 vor.
2498 4067 2799 4135 Paragraph

1626 4153 1725 4206 mit
1774 4154 1919 4223 Obj.-
1974 4173 2027 4208 u.
2079 4154 2415 4208 Priid.-Aee.
2468 4155 2799 4220 verbunden,

1626 4242 1739 4296 also
1769 4244 1993 4297 nicht:
2026 4243 2415 4314 „irgendeinen
2436 4243 2711 4297 Freund“.
2734 4275 2801 4283 —

1625 4334 1802 4401 atque]
1843 4333 2007 4386 bildet
2044 4332 2187 4399 hier,
2240 4332 2323 4386 ein
2362 4349 2528 4386 neues
2566 4333 2805 4386 Moment
