3175 4825
462 308 534 368 54
1246 311 1516 367 Ciceronis
1553 312 1763 367 Laelius
1800 314 1867 366 de
1906 313 2137 367 amicitia

465 472 583 537 viri
628 474 776 565 honi
823 475 1032 538 multa
1077 474 1424 538 detrahunt
1471 474 1846 556 detrahique
1893 475 2253 557 patiuntur,
2314 478 2389 539 ut
2441 476 2519 539 iis
2579 476 2767 539 amici
2813 495 2935 558 po-

368 604 442 649 ss
465 581 593 644 tius
642 600 836 663 quam
883 582 1005 664 ipsi
1050 580 1362 644 fruantur.
1432 581 1655 645 Altera
1702 582 2019 646 sententia
2066 586 2181 659 est,
2230 600 2392 663 quae
2442 581 2661 647 definit
2706 582 2931 647 amici·

465 688 623 752 tiam
655 688 914 771 paribus
947 687 1167 752 officiis
1201 706 1275 751 ac
1307 688 1759 753 voluntatibus.
1834 688 1972 752 Hoc
2012 688 2267 769 quidem
2315 690 2415 753 est
2460 690 2649 753 nimis
2697 690 2926 771 exigue

466 796 531 858 et
577 794 822 859 exiliter
869 795 948 859 ad
995 795 1270 859 calculos
1318 813 1539 859 vocare
1605 795 1982 869 amicitiam,
2040 798 2117 859 ut
2176 814 2292 878 par
2352 796 2437 859 sit
2492 797 2653 860 ratio
2702 814 2927 879 accep-

464 903 678 965 torum
724 904 790 965 et
835 901 1148 965 datorum.
1225 901 1497 966 Divitior
1541 902 1700 965 mihi
1749 904 1814 967 et
1861 901 2239 966 adfluentior
2284 902 2538 967 videtur
2584 915 2722 967 esse
2769 922 2926 967 vera

466 1008 746 1071 amicitia
791 1026 909 1071 nec
955 1008 1288 1072 observare
1335 1009 1659 1085 restricte,
1716 1028 1795 1073 ne
1852 1008 1999 1091 plus
2058 1008 2284 1073 reddat
2330 1028 2525 1091 quam
2573 1010 2925 1093 acceperit3

464 1132 670 1195 neque
719 1115 888 1178 enim
922 1114 1270 1179 verendum
1305 1117 1420 1192 est,
1467 1134 1545 1179 ne
1595 1114 1747 1196 quid
1789 1115 2036 1180 excidat
2082 1118 2197 1179 aut
2240 1134 2321 1179 ne
2370 1116 2521 1197 quid
2567 1117 2632 1180 in
2679 1118 2925 1180 terram

368 1220 706 1287 wdefluat
753 1225 868 1285 aut
916 1240 994 1285 ne
1038 1222 1184 1304 plus
1234 1241 1436 1303 aequo
1486 1221 1638 1303 quid
1685 1222 1747 1285 in
1798 1223 2144 1287 amicitiam
2194 1225 2592 1305 congeratur.
2667 1224 2923 1287 Tertius

465 1346 612 1391 vero
659 1327 766 1391 ille
811 1327 955 1391 finis
1004 1327 1416 1406 deterrimu8‚
1461 1331 1563 1406 ut,
1613 1330 1835 1410 quanti
1884 1329 2154 1411 quisque
2202 1347 2269 1394 se
2316 1330 2451 1412 ipse
2496 1330 2708 1407 faciat,
2754 1312 2926 1394 tanti

462 1433 578 1497 fiat
637 1435 714 1497 ab
776 1435 1014 1499 amicis.
1109 1434 1310 1518 Saepe
1371 1436 1540 1499 enim
1599 1436 1665 1499 in
1725 1436 2105 1517 quibusdam
2161 1438 2275 1500 aut
2321 1437 2571 1500 animus
2620 1438 2927 1501 abiectior

466 1544 565 1605 est
612 1542 725 1604 aut
771 1560 916 1623 spes
949 1541 1428 1624 amplificandae
1460 1542 1754 1607 fortunae
1802 1541 2077 1606 fractior.
2152 1542 2295 1605 Non
2344 1545 2443 1607 est
2488 1543 2685 1625 igitur
2731 1544 2924 1608 amici

464 1648 662 1711 talem
710 1666 847 1712 esse
893 1648 959 1710 in
1008 1667 1182 1725 eum,
1231 1649 1436 1730 qualis
1481 1650 1589 1713 ille
1636 1649 1703 1712 in
1750 1667 1817 1713 se
1866 1651 1993 1725 est,
2054 1649 2165 1713 sed
2212 1649 2423 1732 potius
2471 1650 2628 1713 eniti
2673 1652 2739 1713 et
2786 1650 2926 1714 effi-

466 1772 624 1831 cere,
671 1756 746 1817 ut
792 1754 977 1818 amici
1022 1756 1333 1819 iacentem
1385 1756 1671 1819 animum
1703 1756 1933 1820 excitet
1977 1756 2363 1837 inducatque
2410 1756 2483 1818 in
2530 1775 2706 1838 spem
2757 1758 2926 1839 cogi-

464 1860 898 1942 tationemque
947 1862 1288 1926 meliorem.
1379 1863 1558 1926 Alius
1620 1862 1817 1945 igitur
1872 1862 2017 1926 finis
2076 1882 2261 1927 verae
2318 1862 2633 1927 amicitiae
2688 1863 2927 1926 consti-

466 1966 742 2031 tuendus
803 1972 927 2044 est,
983 1969 1037 2031 si
1096 1970 1300 2051 priuS,
1363 1969 1514 2050 quid
1574 1970 1849 2034 maxime
1909 1969 2368 2052 reprehendere
2430 1969 2637 2052 Scipio
2694 1970 2925 2033 solitus

466 2075 580 2149 sit,
639 2073 868 2138 dixero.
959 2075 1253 2157 Negabat
1297 2077 1498 2140 ullam
1545 2095 1763 2141 vocem
1811 2076 2226 2141 inimiciorem
2274 2076 2589 2141 amicitiae
2636 2076 2925 2158 potuisse

464 2180 726 2263 reperiri
761 2200 952 2263 quam
986 2184 1140 2257 eiuS,
1189 2184 1298 2264 qui
1329 2183 1595 2247 dixisset
1641 2184 1733 2247 ita
1764 2202 1979 2247 amare
2010 2185 2315 2266 oportere,
2360 2186 2434 2247 ut
2481 2184 2535 2245 si
2582 2182 2925 2264 aliquando
2982 2201 2989 2208 ·

464 2373 786 2430 schliel'send
818 2377 968 2445 „und
998 2380 1116 2431 so“.
1146 2408 1214 2416 —
1237 2378 1423 2447 potius
1448 2378 1637 2447 quam]

463 2465 708 2520 schliesst
743 2467 861 2534 ipsi
895 2483 1005 2520 aus.

541 2568 621 2610 58.
659 2556 924 2608 sementia
1083 2556 1294 2625 definit]
1346 2556 1465 2609 eine
1503 2557 1638 2609 auch

462 2643 586 2696 dem
624 2643 688 2695 D.
740 2643 925 2712 eigene
972 2643 1329 2712 Metonymie3
1380 2661 1422 2697 s.
1471 2647 1639 2698 unten

461 2732 722 2785 amicitia
775 2735 839 2785 st.
896 2733 1127 2786 amicit-3.
1219 2734 1446 2801 defi-nire
1503 2774 1533 2800 „
1546 2733 1639 2786 ab·

463 2837 697 2890 grenzen
723 2821 908 2890 durch,
947 2823 996 2874 d.
1026 2822 1078 2875 h.
1108 2823 1473 2876 beschranken
1502 2824 1638 2876 auf“

464 2910 536 2963 ist
583 2909 681 2963 mit
727 2910 1015 2964 Riicksieht
1063 2913 1156 2964 auf
1203 2914 1232 2980 ξ
1282 2915 1350 2968 56
1403 2912 1542 2980 fines
1591 2916 1641 2964 et

463 2999 631 3068 quasi
683 3001 911 3054 termini
965 3001 1209 3070 gewahlt.
1277 3033 1345 3040 —
1403 3001 1640 3070 paribus

455 3090 693 3159 officiis]
734 3091 869 3157 „das
904 3091 1110 3160 gleiche
1148 3091 1319 3145 Mass
1356 3107 1464 3144 von
1502 3092 1639 3157 ...“,

465 3180 842 3248 umgekehrter
878 3180 990 3234 Fall
1048 3196 1144 3233 von
1185 3183 1215 3249 ξ
1253 3182 1318 3234 21
1360 3181 1641 3233 verborum

463 3269 882 3337 maqnifileentia
919 3273 980 3338 (s.
1022 3287 1088 3322 zu
1125 3269 1173 3320 d.
1213 3267 1336 3334 Sc),
1385 3284 1480 3322 aus
1517 3269 1640 3322 dem

465 3357 679 3426 Mangel
707 3375 773 3410 an
803 3358 977 3410 einem
1006 3358 1302 3426 passenden
1332 3357 1641 3411 Substantiv

467 3447 710 3516 (pavitas
746 3446 1097 3513 unklassisch)
1146 3463 1212 3499 zu
1259 3446 1517 3500 erklaren.
1571 3479 1639 3486 —

465 3535 565 3588 hoe
593 3535 829 3603 quidem]
860 3535 995 3602 „das
1013 3535 1175 3590 heisst
1193 3537 1336 3588 denn
1355 3536 1549 3589 doch“.
1570 3566 1639 3574 --

465 3623 642 3676 nimis
691 3623 878 3691 emique
913 3629 960 3676 et
995 3624 1118 3677 evil.
1156 3625 1230 3677 ad
1264 3626 1394 3678 eale.
1433 3626 1639 3694 vocare]

469 3712 650 3780 „nach
679 3711 853 3765 einem
881 3729 976 3781 gar
1004 3729 1069 3765 zu
1096 3712 1358 3782 winzigen
1389 3731 1442 3766 u.
1472 3712 1640 3766 klein-

466 3800 646 3853 lichen
695 3800 952 3854 Massstab
999 3801 1366 3855 berechnen“.
1441 3802 1645 3855 calculi

465 3889 586 3943 sind
641 3888 726 3942 die
781 3889 921 3943 heim
977 3891 1496 3945 Rechenunterricht
1549 3903 1640 3959 ge·

468 3979 762 4032 brauchten
797 3979 1084 4033 Steinchen
1099 4021 1111 4045 ,
1163 3980 1331 4033 daher
1367 3979 1502 4032 auch
1547 3980 1642 4032 das

467 4067 830 4121 Rechenhrett
855 4085 907 4121 u.
938 4068 1022 4121 die
1042 4068 1340 4137 Rechnung
1367 4068 1549 4122 selbst.
1572 4100 1639 4106 —

465 4162 528 4210 ut
555 4174 666 4225 par
691 4157 766 4209 sit
790 4158 958 4226 ratio]
997 4174 1102 4210 von
1129 4159 1226 4212 der
1249 4157 1643 4226 Buchfiihrung

465 4246 585 4315 (der
621 4245 936 4314 eigentliche
971 4247 1026 4300 Τ.
1067 4249 1103 4298 t.
1144 4247 1213 4298 ist
1246 4247 1392 4299 ratio
1437 4246 1645 4314 accepti

455 4339 514 4387 et
539 4334 780 4402 emensi)
809 4334 969 4400 „dass
997 4335 1083 4387 die
1112 4335 1410 4402 Rechnung
1435 4334 1493 4386 in
1511 4335 1641 4388 Ein-

1746 2376 1939 2430 nahme
1988 2392 2041 2429 u,
2090 2376 2335 2445 Ausgabe
2385 2375 2655 2429 stimme“.
2708 2407 2777 2414 —
2825 2376 2924 2428 ad-

1745 2466 2020 2535 fluentior]
2070 2465 2281 2532 „durch
2319 2467 2495 2518 steten
2531 2465 2741 2518 Zuflul's
2778 2482 2925 2531 „un-

1749 2554 2168 2622 erschopflicher
2179 2558 2226 2606 “.
2244 2586 2311 2593 --
2329 2571 2397 2607 ne
2415 2554 2551 2622 quid
2565 2553 2778 2606 excidat
2796 2555 2923 2622 ete]

1746 2660 1869 2696 vom
1890 2643 2080 2696 Fiillen
2100 2643 2246 2696 eines
2265 2643 2463 2696 Marses
2487 2642 2923 2710 hergenommen.

1824 2745 1904 2785 59.
1953 2732 2112 2801 finis]
2163 2731 2815 2799 „Grenzhestinnnung“;
2868 2746 2926 2784 es

1748 2821 1948 2874 kommt
1974 2821 2094 2874 hier
2120 2821 2215 2874 aus
2241 2821 2394 2874 ihren
2413 2819 2594 2874 Inha}t
2622 2837 2705 2886 an,
2736 2820 2925 2872 darum

1749 2909 1897 2962 nicht
1949 2909 2209 2977 definitio.
2263 2942 2329 2948 —
2380 2909 2598 2977 amplis.
2649 2910 2923 2977 fortunae]

1749 2999 2025 3068 „Hebung
2078 3000 2176 3052 der
2224 3000 2551 3054 ausseren
2600 2998 2803 3066 Lage‘fl
2856 3028 2924 3036 --

1747 3105 1871 3140 eum
1910 3129 1921 3140 .
1954 3129 1965 3140 .
1996 3129 2007 3140 .
2045 3088 2157 3156 ille]
2210 3104 2314 3140 von
2363 3086 2644 3140 derselben
2694 3087 2924 3140 Person:

1750 3179 1978 3230 ersteres
2028 3177 2179 3230 weist
2228 3177 2321 3230 auf
2368 3176 2453 3230 die
2510 3176 2645 3230 eben
2702 3175 2927 3230 charak·

1749 3266 2013 3320 terisierte
2061 3269 2161 3320 Art
2214 3282 2318 3319 von
2366 3265 2652 3318 Freunden
2708 3265 2924 3332 zuriiek‚

1748 3355 1842 3408 ille
1904 3355 1974 3408 ist
2027 3355 2122 3408 des
2178 3355 2533 3423 Gegensatzes
2587 3369 2776 3422 wegen
2834 3369 2923 3422 ge-

1750 3445 1991 3497 braueht.
2031 3476 2097 3482 —
2138 3443 2279 3497 eniti
2311 3449 2359 3496 et
2393 3443 2622 3512 efficere]
2662 3448 2927 3510 erganzen

1750 3532 1864 3586 sich
1921 3549 1986 3585 zu
2041 3533 2163 3585 dem
2220 3533 2425 3586 einen
2480 3531 2718 3599 Begrifl:
2788 3529 2927 3600 „mit

1751 3621 1885 3675 aller
1921 3624 2301 3690 Anstrengung
2335 3621 2497 3675 dahin
2534 3620 2801 3686 wi1·ken“,
2840 3619 2925 3672 ein

1749 3709 1996 3764 verbales
2034 3713 2092 3766 ἓν
2129 3713 2225 3765 διὰ
2265 3713 2429 3765 δυοῖν
2464 3710 2563 3763 wie
2600 3709 2846 3777 efficitur
2879 3714 2926 3761 et

1750 3799 1961 3868 coyitur
1998 3840 2028 3864 .,
2042 3816 2099 3852 es
2145 3799 2279 3868 folgt
2327 3799 2690 3867 notwendig“.
2732 3831 2800 3838 —
2838 3799 2925 3851 in-

1749 3890 2010 3957 ducatque
2058 3889 2123 3941 in
2172 3906 2322 3957 spem
2373 3889 2495 3956 etc.]
2536 3929 2566 3954 ‚,
2585 3929 2596 3941 .
2634 3929 2645 3940 .
2682 3929 2693 3940 .
2746 3889 2924 3941 fassen

1751 3978 1889 4031 lasse
1902 3982 1949 4031 “.
2002 4010 2068 4016 —
2119 3978 2175 4030 si
2212 3978 2379 4046 prius
2418 4019 2429 4030 .
2454 4019 2464 4029 .
2489 4019 2500 4029 .
2538 3977 2744 4045 dixero]
2796 3975 2925 4029 wird

1750 4067 1825 4118 im
1853 4067 1916 4119 D.
1942 4067 2262 4134 Hauptsatz!
2293 4099 2361 4106 —
2389 4067 2523 4132 eius,
2553 4066 2655 4134 qui
2678 4066 2922 4133 dixisset]

1750 4157 1833 4210 Da
1870 4156 1941 4208 im
1979 4156 2093 4209 Lat.
2134 4155 2221 4208 ein
2257 4159 2383 4209 Aec.
2414 4172 2460 4208 e.
2494 4156 2600 4208 Ins.
2640 4155 2793 4208 nicht
2826 4171 2926 4208 un-

1751 4245 2021 4298 mittelbar
2074 4261 2180 4298 von
2235 4244 2411 4298 einem
2466 4243 2781 4298 Substantiv
2835 4243 2926 4297 ab·

1751 4334 1944 4402 hangig
1979 4334 2226 4402 gemacht
2268 4333 2481 4386 werden
2516 4333 2674 4398 kann,
2712 4348 2772 4386 so
2813 4331 2932 4384 tritt
