3175 4825
1471 333 1516 370 e.
1555 317 1605 371 4.
1667 353 1672 358 ·
2703 315 2771 375 19

307 482 462 545 ante
521 481 794 544 mortem
854 478 1102 555 diebuS‚
1161 498 1310 544 cum
1370 482 1436 543 et
1479 478 1705 542 Philus
1753 481 1819 543 et
1863 479 2164 543 Manilius
2224 479 2477 544 adesset
2536 481 2601 543 et
2660 479 2768 543 alii

309 587 546 669 plures,
592 588 792 668 tuque
842 586 1052 661 etiam,
1101 585 1430 663 Scaevola,
1476 604 1729 650 mecum
1775 586 2085 662 venisseS‚
2133 585 2419 649 triduum
2467 585 2767 665 disseruit

307 692 390 758 de
447 711 514 757 re
571 694 852 776 publica,
913 692 1094 757 cuius
1141 692 1586 776 disputationis
1635 692 1762 756 fuit
1807 695 2161 757 extremum
2208 692 2337 757 fere
2385 692 2461 757 de
2508 693 2766 757 immor-

307 799 563 864 talitate
604 800 980 874 animorum,
1029 818 1190 881 quae
1237 818 1306 864 se
1352 799 1418 862 in
1452 799 1663 881 quiete
1694 817 1808 881 per
1837 798 2047 863 visum
2080 817 2155 863 ex
2190 798 2480 863 Africano
2513 798 2766 863 audisse

305 906 580 971 dicebat.
653 905 731 969 Id
779 906 835 969 si
879 906 974 969 ita
1021 908 1138 982 est,
1183 908 1259 970 ut
1305 906 1528 989 optimi
1574 906 1883 987 cuiusque
1932 905 2182 970 animus
2227 905 2294 969 in
2338 907 2543 969 morte
2590 905 2768 970 facil-

307 1013 462 1077 lime
510 1013 717 1078 evolet
761 1014 1096 1094 tamquam
1144 1031 1176 1076 e
1223 1012 1513 1077 custodia
1559 1012 1909 1094 vinclisque
1942 1012 2237 1095 corporis,
2282 1013 2386 1077 cui
2431 1031 2763 1078 censemus
2831 1014 2841 1020 “

307 1137 571 1182 cursum
619 1118 699 1183 ad
731 1119 882 1183 deos
913 1118 1261 1184 faciliorem
1292 1118 1488 1184 fuisse
1521 1138 1714 1201 quam
1751 1118 2071 1203 Scipioni?
2142 1117 2450 1197 Quocirca
2480 1137 2763 1184 maerere

307 1226 430 1290 hoc
477 1226 613 1289 eius
646 1228 882 1291 eventu
914 1244 1132 1291 vereor
1160 1245 1240 1291 ne
1271 1226 1468 1289 invidi
1498 1226 1704 1308 magis
1739 1244 1932 1308 quam
1981 1226 2168 1291 amici
2214 1227 2314 1290 sit.
2386 1225 2497 1292 Sin
2546 1227 2763 1290 autem

304 1332 420 1395 illa
461 1332 722 1409 veriora,
768 1335 844 1397 ut
889 1331 1057 1397 idem
1103 1333 1402 1397 interitus
1449 1332 1536 1397 sit
1566 1333 1923 1397 animorum
1954 1336 2020 1397 et
2050 1351 2383 1416 corporum
2428 1350 2545 1397 nec
2590 1332 2763 1396 ullus

302 1456 536 1503 sensus
583 1442 870 1515 maneat,
929 1442 1004 1503 ut
1050 1440 1210 1503 nihil
1256 1439 1402 1503 boni
1449 1441 1550 1503 est
1593 1440 1659 1502 in
1706 1441 1937 1515 morte,
1999 1440 2090 1504 sic
2144 1443 2315 1504 certe
2368 1439 2528 1504 nihil
2573 1439 2763 1513 mali;

305 1564 506 1609 sensu
552 1546 721 1609 enim
769 1546 1004 1610 amisso
1050 1545 1124 1608 fit
1168 1546 1357 1623 idem,
1404 1546 1588 1627 quasi
1633 1548 1825 1609 natus
1872 1565 1999 1609 non
2047 1548 2218 1610 esset
2255 1546 2525 1623 omnim,
2572 1564 2763 1627 quem

303 1656 527 1716 tamen
589 1669 726 1716 esse
786 1656 1013 1718 natum
1074 1655 1141 1717 et
1197 1672 1312 1717 nos
1372 1652 1727 1734 gaudemus
1787 1653 1853 1717 et
1897 1653 2056 1717 haec
2101 1653 2353 1729 civitas,
2411 1652 2567 1717 dum
2626 1653 2765 1729 erit,

309 1759 672 1823 laetabitur.
757 1760 966 1838 Quam
1014 1761 1091 1824 ob
1138 1778 1275 1824 rem
1321 1778 1468 1824 cum
1513 1759 1623 1823 illo
1672 1759 1946 1842 quidem,
1994 1761 2071 1823 ut
2115 1778 2309 1843 supra
2355 1760 2499 1836 dixi,
2546 1762 2762 1824 actum
2791 1780 2853 1823 ιι

301 1935 522 2000 Philus,
573 1952 716 1989 cons·
758 1938 877 2004 136,
924 1934 1138 1989 Freund
1174 1935 1270 1989 des
1306 1934 1391 1989 Sc.
1429 1951 1481 1987 u.

303 2026 388 2092 L,
417 2024 484 2078 M
489 2025 503 2046 '
533 2025 824 2091 Manilius,
855 2040 998 2079 cons·
1030 2025 1148 2091 149,
1182 2023 1484 2093 angesehen

299 2113 388 2168 als
441 2114 658 2169 Redner
711 2115 819 2167 und
871 2113 1208 2182 juristisoher
1254 2113 1482 2167 Schrift-

300 2202 506 2258 stellet.
580 2202 871 2257 Vielleicht
917 2218 1101 2271 wegen
1151 2202 1299 2255 ihrer
1344 2202 1482 2256 Stel·

303 2292 438 2361 lung
492 2291 572 2346 als
635 2308 915 2360 gewesene
970 2291 1212 2345 Konsuln
1266 2293 1483 2345 werden

299 2382 456 2437 diese
508 2381 702 2437 beiden
751 2381 1040 2436 besonders
1093 2380 1338 2436 namhaft
1389 2397 1482 2450 ge-

305 2470 514 2538 macht3
543 2471 630 2525 die
650 2471 908 2524 weiteren
925 2469 1278 2537 Teilnehmer‚
1307 2470 1483 2524 denen

305 2561 370 2614 L.
425 2560 540 2613 sich
595 2559 790 2626 selbst‚
857 2559 1101 2629 obgleich
1168 2559 1344 2614 neben
1397 2559 1479 2614 Sc.

304 2650 682 2718 Hauptperson
729 2650 824 2704 des
870 2648 1192 2718 Gesprach8‚
1242 2647 1482 2702 beschei-

297 2737 545 2792 deutlich
596 2737 852 2807 zugesellt
867 2777 882 2804 ,
933 2753 1112 2791 waren
1164 2736 1226 2803 Q.
1277 2737 1482 2792 Tubero

299 2826 435 2896 (vgl.
473 2829 504 2897 ξ
539 2829 656 2895 37),
704 2827 791 2896 Sp.
831 2826 1122 2882 Mummius
1158 2829 1210 2896 (ξ
1247 2827 1336 2891 69)
1376 2827 1483 2880 und

301 2916 394 2970 die
435 2915 668 2969 beiden
704 2915 1175 2984 Schwiegensiilme
1201 2916 1296 2969 des
1325 2916 1382 2970 L.
1413 2947 1480 2956 -—-

295 3005 370 3058 de
412 3022 472 3058 re
511 3005 590 3074 p.]
636 3005 719 3058 Im
758 3004 956 3058 letzten
994 3005 1283 3074 (sechsten)
1331 3004 1484 3059 Buch

297 3093 406 3146 der
431 3108 490 3146 so
519 3092 794 3146 betitelten
819 3092 1038 3160 schrift,
1065 3094 1234 3148 deren
1262 3095 1356 3147 auf
1381 3109 1484 3147 uns

300 3181 656 3250 gekommene
682 3181 1054 3235 Bruchstiicke
1081 3198 1186 3235 nur
1221 3185 1360 3235 etwa
1395 3181 1482 3236 ein

301 3269 502 3324 Drittel
530 3271 625 3324 des
653 3270 872 3324 Ganzen
904 3270 1243 3339 ausinachen,
1281 3270 1483 3325 erziihlt

299 3360 406 3414 der
438 3358 666 3428 jiingere
703 3358 895 3428 Scipi0‚
937 3375 1047 3413 was
1084 3375 1144 3414 er
1180 3359 1253 3412 im
1289 3359 1481 3414 Traum

305 3464 414 3502 von
481 3447 684 3502 seinem
746 3447 1273 3517 Adoptivgrossvater
1334 3447 1482 3502 Αἰτί-
1593 3487 1605 3500 .
1629 3487 1641 3500 .
1664 3450 1695 3500 .‘

297 3553 473 3591 canus
510 3537 680 3591 maior
715 3536 849 3590 iiber
883 3537 980 3590 das
1018 3537 1198 3590 Leben
1237 3535 1311 3590 im
1351 3537 1481 3591 Jen·

297 3626 438 3680 -seiis
473 3641 837 3680 vernommen.
878 3657 946 3666 —-
982 3624 1095 3693 fuit
1134 3665 1146 3678 .
1170 3666 1181 3678 .
1205 3666 1218 3679 .
1253 3626 1366 3694 fere
1399 3626 1479 3694 de]

296 3753 340 3782 «n
351 3715 602 3770 handelte
621 3715 750 3784 (fast
766 3717 889 3783 nur)
909 3713 1224 3768 wesentlich
1241 3730 1345 3768 von
1358 3717 1408 3768 “.
1429 3749 1480 3758 -

293 3821 444 3873 quae
481 3845 494 3858 .
518 3845 529 3856 .
553 3844 565 3856 .
602 3803 830 3873 dicebat]
868 3803 1035 3857 freier
1061 3802 1354 3858 Anschluts
1385 3804 1480 3858 des

303 3892 656 3947 erklarenden
719 3891 1106 3946 Relativsatzes
1121 3931 1136 3958 ,
1211 3907 1355 3958 „was
1421 3907 1482 3946 er

303 3980 540 4037 nfimlioh
581 4021 628 4034 ..
652 3985 720 4034 .“.
758 4013 826 4021 —
864 3986 1150 4049 tamquam
1175 3998 1204 4034 e
1233 3981 1481 4036 custodia

305 4071 431 4140 etc.]
463 4069 585 4125 eine
620 4071 718 4124 der
743 4068 1122 4124 Platonischen
1152 4069 1325 4124 Lehre
1363 4073 1481 4124 ent-

299 4158 490 4214 lehnte
525 4159 916 4228 Anschauung‚
963 4158 1069 4228 vgl.
1109 4157 1244 4212 Plat.
1281 4159 1478 4213 Phaed.

306 4266 358 4317 p.
388 4250 456 4304 67
471 4248 521 4302 d.
551 4250 669 4318 (τὴν
699 4249 902 4322 ψυχὴν)
930 4251 1261 4322 ἐκλυομένην
1297 4249 1484 4322 ὥσπερ

295 4341 367 4394 ἐκ
421 4339 648 4410 δεσμῶν
701 4340 760 4395 ἐκ
815 4349 914 4394 τοῦ
980 4340 1292 4412 σώμαῑος;.
1333 4336 1480 4392 diese

1589 1933 1747 1989 kehrt
1797 1934 1881 1988 bei
1929 1933 2038 1989 Cic.
2090 1935 2172 1987 oft
2220 1936 2329 1989 und
2376 1935 2433 1987 in
2478 1934 2765 1988 ahnlichen

1593 2024 1949 2092 Wendungen
2003 2023 2105 2077 wie
2160 2023 2278 2077 hier
2332 2023 2545 2078 wieder.
2632 2024 2764 2079 Dal's

1591 2112 1758 2166 selbst
1785 2112 1874 2166 ein
1890 2112 2286 2181 gewohnlicher
2304 2113 2344 2167 Τ
2358 2130 2386 2165 1·
2400 2128 2429 2166 o
2443 2130 2477 2181 p
2494 2130 2528 2166 ιι
2540 2129 2569 2166 s
2593 2113 2765 2166 durch

1590 2207 1875 2270 tamquam
1910 2200 2286 2270 gemildert
2333 2202 2441 2255 und
2485 2201 2763 2271 gewissor-

1591 2290 1800 2344 massen
1837 2290 2198 2359 entsohuldigt
2225 2290 2371 2357 wird,
2409 2290 2481 2344 ist
2515 2291 2604 2344 ein
2641 2290 2765 2344 her-

1591 2379 2010 2434 vorstechender
2074 2378 2434 2434 Unterschied
2500 2380 2594 2434 des
2648 2380 2762 2434 Lat.

1591 2486 1642 2522 u.
1672 2469 1999 2523 Deutschen.
2030 2499 2100 2508 -
2131 2469 2229 2522 cui
2252 2470 2548 2538 cernemus]
2578 2469 2765 2523 Durch

1589 2558 1696 2611 den
1742 2557 2039 2612 Hinzutritt
2084 2558 2179 2612 des
2217 2559 2457 2612 Verbum
2500 2558 2765 2612 sentiendi

1591 2663 1659 2700 zu
1708 2647 1806 2700 der
1852 2647 1911 2699 in
1957 2646 2267 2716 Frageform
2314 2646 2597 2717 gestellten
2642 2646 2763 2701 Fol-

1590 2752 1795 2805 gerung
1856 2735 2028 2790 erhalt
2082 2735 2229 2790 diese
2284 2736 2581 2804 subjektive
2636 2736 2763 2790 Far-

1591 2824 1763 2893 bung3
1801 2824 1875 2877 im
1903 2825 1969 2878 D.
1998 2823 2070 2878 ist
2103 2824 2197 2878 das
2225 2825 2372 2879 Verb
2401 2824 2763 2880 entbehrlich:

1591 2929 1766 2980 „wem
1802 2929 1950 2982 mag
1984 2913 2130 2968 dann
2154 2913 2329 2967 wohl
2371 2915 2557 2968 ...‘?“.
2614 2904 2763 2967 Ehn·

1590 3002 1701 3056 lich
1776 3001 2019 3056 nachher
2078 3020 2259 3056 vereor
2319 3020 2388 3057 ne
2452 3029 2515 3048 =
2584 3003 2765 3070 „doch

1590 3091 1730 3145 wohl
1744 3094 1792 3144 “.
1832 3123 1899 3130 —
1940 3091 2047 3145 Sin
2080 3097 2263 3146 autem
2298 3091 2401 3146 illa
2434 3092 2648 3146 veriora
2682 3094 2762 3162 ut]

1591 3181 1808 3248 „Wenn
1835 3181 1963 3235 aber
1986 3181 2111 3249 jene
2138 3181 2347 3235 Lehre
2376 3183 2438 3250 (S.
2468 3181 2595 3234 Ans.
2625 3183 2655 3250 ἓ
2684 3182 2765 3248 13)

1589 3270 1744 3323 mehr
1779 3270 1877 3323 der
1911 3269 2284 3349 Wirkliohkeit
2321 3269 2633 3340 entspricht,
2668 3271 2767 3325 der

1589 3356 1878 3412 Wahrheit
1910 3358 2080 3412 nahor
2113 3359 2342 3427 kommt,
2378 3358 2613 3413 niimlich
2649 3358 2766 3414 dats

1700 3451 1731 3514 ‘,
1781 3446 1886 3515 vgl.
1924 3450 1955 3516 ξ
1991 3449 2062 3504 50
2097 3465 2283 3502 verum
2318 3465 2429 3502 esse
2464 3448 2569 3518 (die
2605 3448 2765 3503 'rhat-

1590 3536 1773 3604 saohe)
1817 3541 1879 3590 ut
1922 3536 2085 3590 bonos
2129 3537 2260 3591 boni
2292 3536 2553 3606 diliqant,
2605 3539 2671 3594 81
2710 3538 2769 3591 si

1589 3625 1686 3679 hoc
1720 3631 1961 3694 apparet,
1999 3631 2074 3693 ut,
2116 3628 2183 3682 18
2214 3627 2518 3693 comedant,
2556 3631 2618 3680 ut
2652 3626 2769 3680 viri

1589 3713 1721 3766 boni
1746 3713 1973 3782 fuerint.
2013 3745 2080 3755 —
2116 3716 2327 3785 senous]
2367 3714 2624 3769 zunachst
2660 3731 2765 3770 von

1591 3801 2325 3872 ‚,Sinneswahrnehmung“,
2399 3803 2518 3858 hier
2580 3803 2676 3872 „B
2695 3820 2765 3858 e-

1590 3891 2027 3948 wul'stsein“.
2081 3925 2149 3933 —
2196 3898 2259 3947 ut
2426 3893 2529 3964 sio]
2579 3910 2769 3960 „zwar

1591 4019 1607 4033 .
1629 4020 1642 4033 .
1664 4022 1677 4034 .
1707 3981 1834 4036 aber
1868 3982 2007 4036 doch
2044 3981 2247 4036 auch“.
2286 4013 2353 4022 -——
2391 3981 2535 4036 &iem
2570 3983 2763 4052 qua-si]

1588 4070 1760 4124 selten
1809 4073 1940 4126 statt
1986 4070 2061 4124 id.
2109 4088 2175 4124 ac
2219 4071 2287 4125 si.
2346 4102 2415 4111 —
2464 4071 2768 4140 qaudemus

1591 4199 1607 4214 .
1628 4201 1640 4214 .
1663 4200 1676 4213 .
1705 4159 2013 4230 laetabatur]
2053 4160 2303 4228 „Frende
2336 4159 2646 4230 empfinden
2678 4200 2691 4212 .
2715 4200 2728 4213 .
2750 4199 2764 4213 .

1589 4248 1867 4304 aussern‘fl

1670 4352 1747 4392 15.
1785 4338 2022 4408 quoe'clem]
2060 4337 2166 4406 vgl.
2206 4354 2273 4391 zu
2308 4340 2339 4408 ξ
2380 4340 2464 4394 12.
2504 4367 2573 4378 -
2608 4354 2768 4406 quem
