3175 4825
411 281 486 341 34
1194 282 1463 339 Ciceronis
1499 283 1713 338 Inelius
1749 283 1815 337 de
1853 283 2085 337 amicitia

415 445 803 510 admirabilis
861 446 1178 528 quaedam
1233 445 1585 509 exardescit
1639 446 2114 510 benevolentiae
2173 446 2571 528 magnitudo.
2666 446 2884 525 Quam

413 554 470 615 si
518 554 627 633 qui
672 554 906 635 putant
951 552 1030 616 ab
1076 552 1510 616 imbecillitate
1542 552 1870 634 proficisci,
1916 554 1992 615 ut
2038 553 2139 628 sit,
2185 570 2300 635 per
2332 572 2527 634 quem
2560 552 2889 635 adsequa-

412 660 546 736 tur,
594 659 759 741 quod
806 660 1074 740 quisque
1123 658 1462 733 desideret,
1522 658 1830 722 humilem
1877 676 2029 722 sane
2076 659 2453 740 relinquunt
2498 662 2567 723 et
2611 660 2883 725 minime

413 783 818 846 generosum,
864 770 939 827 ut
981 766 1074 827 ita
1120 764 1352 841 dicam,
1397 766 1613 828 ortum
1659 765 2002 840 amicitiae,
2052 783 2247 845 quam
2294 784 2369 829 ex
2415 766 2629 848 inopia
2678 768 2883 848 atque

410 871 762 952 indigentia
806 874 1028 934 natam
1074 871 1311 934 volunt.
1387 869 1569 949 Quod
1618 870 1673 935 si
1716 871 1810 935 ita
1854 874 2041 947 esset,
2089 874 2164 934 ut
2210 872 2482 953 quisque
2529 873 2881 937 minimum

413 996 552 1041 esse
605 978 672 1039 in
727 995 794 1041 se
843 978 1285 1053 arbitraretur,
1341 978 1434 1041 ita
1489 977 1566 1040 ad
1617 977 1961 1041 amicitiam
2009 982 2181 1041 esset
2227 979 2639 1060 aptissimus;
2703 980 2879 1061 quod

323 1102 389 1145 ao
411 1084 596 1166 longe
645 1103 828 1148 secus
875 1087 993 1147 est.
1083 1084 1175 1149 Ut
1231 1084 1400 1148 enim
1461 1084 1730 1165 quisque
1791 1084 1912 1147 sibi
1956 1084 2307 1166 plurimum
2353 1085 2616 1149 confidit
2673 1089 2742 1149 et
2808 1089 2883 1150 ut

414 1191 685 1272 quisque
743 1191 1016 1254 maxime
1076 1189 1322 1255 virtute’
1373 1193 1438 1255 et
1496 1191 1809 1272 sapientia
1868 1191 1961 1255 sic
2016 1192 2306 1255 munitus
2367 1194 2497 1267 est,
2559 1195 2635 1255 ut
2694 1194 2879 1257 nullo

413 1300 598 1379 egeat
644 1316 887 1379 suaque
933 1298 1144 1361 omnia
1189 1298 1255 1360 in
1302 1316 1370 1361 se
1414 1297 1552 1379 ipso
1597 1297 1805 1380 posita
1848 1297 2111 1374 iudicet,
2165 1298 2259 1360 ita
2304 1298 2372 1361 in
2421 1300 2722 1363 amicitiis
2772 1319 2883 1363 ex-

409 1404 697 1487 petendis
743 1404 1146 1485 colendisque
1191 1403 1465 1467 maxime
1512 1404 1779 1467 excellit.
1872 1402 2040 1482 Quid
2087 1404 2305 1468 enim?
2382 1403 2725 1469 Africanus
2774 1407 2881 1471 in-

410 1511 631 1592 digens
676 1512 848 1576 mei?
923 1510 1186 1574 Minime
1231 1510 1520 1575 hercule!
1583 1528 1658 1574 ac
1712 1529 1793 1573 ne
1852 1528 1969 1592 ego
2015 1510 2274 1592 quidem
2320 1512 2531 1575 illius:
2592 1512 2708 1575 sed
2756 1532 2879 1595 ego

410 1616 825 1680 admiratione
887 1617 1164 1698 quadam
1221 1618 1479 1680 virtutis
1539 1617 1705 1693 eius,
1761 1617 1870 1680 ille
1928 1618 2208 1681 vicissim
2254 1618 2545 1701 opinione
2593 1617 2873 1684 fortasse

409 1742 536 1786 non
582 1723 778 1797 nulla,
826 1742 1019 1804 quam
1065 1724 1144 1787 de
1175 1724 1334 1787 meis
1364 1724 1647 1787 moribus
1677 1723 1975 1799 habebat,
2020 1742 2123 1787 me
2156 1724 2410 1798 dilexit;
2458 1727 2638 1788 auxit
2682 1725 2879 1789 bene-

410 1988 694 2057 gemeinen
749 1989 1027 2041 Ausdruck
1093 1994 1218 2043 mot.
1273 1988 1462 2041 animi
1519 2004 1588 2040 zu

413 2077 534 2130 dem
597 2077 1000 2131 bestimmteren
1053 2077 1265 2145 Begrifl
1317 2077 1587 2145 „Regung

411 2167 510 2220 der
543 2166 765 2220 nebe“.
814 2199 882 2205 —
929 2166 1074 2219 adm.
1123 2166 1390 2235 quaedam
1436 2166 1585 2219 bene-

410 2256 671 2309 volentiae
724 2256 1064 2325 maqnitudo]
1135 2255 1266 2323 „ein
1319 2255 1586 2324 geradezu

411 2346 464 2413 (ξ
534 2345 588 2413 6)
673 2344 1306 2414 bewunderungswiiidig
1380 2344 1586 2413 grosses

410 2434 827 2488 Wohlwollen“.
893 2465 963 2474 -
1035 2441 1096 2487 ut
1157 2435 1251 2503 sit]
1317 2435 1434 2487 tritt
1501 2451 1584 2488 er-

410 2522 631 2576 klarend
676 2523 840 2576 hinzu
875 2523 976 2576 wie
1027 2523 1165 2577 oben
1199 2526 1230 2592 ξ
1265 2525 1337 2578 26
1365 2529 1587 2592 propter

411 2611 836 2666 imbecillitatem
882 2618 1041 2680 atque
1084 2613 1338 2682 inopiam
1377 2653 1487 2679 ...,
1523 2618 1586 2666 ut

411 2701 613 2754 damis
650 2703 782 2754 etc.:
833 2700 994 2754 nami.
1046 2705 1162 2772 (aus
1207 2701 1305 2755 der
1339 2700 1584 2769 Absicht)

354 2845 364 2852 ,
412 2791 572 2844 einen
608 2807 675 2842 zu
709 2789 902 2844 haben.
950 2822 1018 2828 —
1057 2807 1161 2859 per
1203 2807 1362 2859 quem
1405 2791 1582 2859 adscq.

411 2879 554 2948 quod
587 2879 782 2948 quisq]
821 2879 1180 2933 Abweichend
1204 2895 1330 2932 vom
1357 2879 1423 2932 D.
1453 2880 1585 2932 wird

411 2968 640 3036 quisque
685 2967 1022 3037 regelmiitsig
1067 2968 1124 3020 in
1171 2969 1276 3022 den
1325 2967 1584 3022 relativen

412 3057 465 3111 N
466 3057 717 3111 ebensatz
769 3057 1008 3126 gestellt,
1073 3058 1170 3111 der
1226 3057 1442 3111 freilich
1495 3074 1584 3124 ge—

413 3146 678 3201 wohnlich
705 3147 1037 3216 voraufgeht.
1077 3179 1146 3186 —
1181 3152 1244 3200 ut
1269 3147 1354 3200 ita
1378 3147 1583 3216 dicam]

411 3235 512 3289 sol]
548 3236 652 3289 den
682 3239 809 3305 (von
836 3236 986 3289 edler
1011 3237 1216 3290 Geburt
1250 3235 1586 3303 entlehnten)

412 3325 614 3393 Tropus
643 3324 870 3378 mildern
897 3341 950 3377 ιι.
979 3325 1439 3393 gewissermassen
1467 3327 1585 3378 ent-

413 3413 742 3482 schuldigen,
769 3413 870 3466 wie
895 3418 1181 3482 tamquam
1209 3417 1261 3483 (ξ
1291 3415 1396 3482 14),
1423 3414 1590 3482 quasi

413 3502 541 3571 (27).
571 3533 641 3541 —
675 3509 870 3555 natam
897 3503 1098 3572 volunt]
1129 3504 1241 3556 volo
1267 3503 1366 3555 mit
1392 3505 1584 3556 Accua.

414 3608 461 3644 c.
509 3590 673 3645 Infin.
726 3591 813 3644 bei
863 3590 970 3646 Cic.
1028 3592 1316 3645 besonders
1370 3592 1427 3644 in
1481 3592 1587 3644 den

412 3680 602 3749 philos.
654 3679 924 3733 Schriften
981 3682 1062 3734 oft
1108 3697 1214 3734 von
1261 3681 1590 3749 subjektiver

412 3769 696 3823 Annahme
740 3769 1059 3839 gebraucht‚
1111 3770 1182 3824 ist
1225 3770 1384 3824 meist
1416 3770 1589 3824 durch

415 3899 446 3927 „
459 3858 637 3912 lassen
649 3860 682 3889 ‘⁶
700 3859 1154 3928 wiederzugeben.
1174 3890 1243 3898 —
1261 3859 1585 3927 minimm]

417 3973 482 3992 =
521 3947 827 4001 minimum
863 3948 1086 4002 virium.

491 4050 572 4092 zo.
623 4037 794 4105 nullo]
845 4037 1070 4091 niemals
1108 4063 1172 4082 =
1211 4039 1370 4091 nulla
1405 4055 1477 4090 re.
1520 4068 1586 4077 —

414 4125 551 4194 quid
596 4126 746 4179 enim
759 4124 806 4195 ἓ]
859 4127 994 4194 „wie
1008 4127 1079 4178 ?“
1127 4127 1278 4181 leitet
1323 4127 1444 4180 eine
1493 4127 1590 4179 der

414 4215 883 4284 Begriindung
945 4215 1206 4271 dienende
1259 4215 1428 4284 Frage
1481 4215 1587 4281 ein,

415 4305 502 4358 die
557 4322 740 4374 wegen
811 4306 910 4358 der
963 4305 1392 4375 Ungereimtheit
1443 4304 1589 4357 ihres

1692 1987 1897 2041 Inhalts
1947 2004 2015 2039 zu
2062 1988 2359 2041 verneinen
2406 1988 2491 2042 ist.
2532 2019 2603 2029 —-
2639 1989 2877 2059 hercule]

1692 2076 2001 2144 synkopiert
2044 2076 2243 2143 hercle,
2294 2094 2348 2130 ιι.
2396 2095 2483 2131 me
2516 2078 2732 2131 hercule
2777 2078 2881 2131 mit

1692 2164 1975 2218 derselben
2000 2164 2201 2233 Ellipse
2238 2166 2333 2219 des
2360 2166 2638 2220 Pradikais
2676 2166 2781 2220 wie
2820 2167 2879 2219 in

1692 2270 1917 2307 unserer
1959 2254 2523 2323 Beteuerungsformel
2572 2270 2677 2322 „so
2724 2255 2883 2309 walu-

1692 2343 1797 2396 mir
1858 2343 2054 2396 Gott!“
2148 2343 2259 2398 Cic.
2324 2343 2536 2397 scheint
2598 2344 2753 2398 indes
2819 2344 2879 2397 in

1690 2434 1945 2502 hercmflc
1996 2433 2146 2486 nicht
2200 2433 2356 2486 mehr
2408 2434 2513 2487 den
2568 2433 2877 2488 veralteten

1692 2522 1742 2576 N
1745 2522 2000 2575 ominativ
2035 2522 2364 2590 empfunden
2402 2540 2470 2576 zu
2505 2522 2701 2590 haben,
2750 2539 2878 2576 son-

1692 2612 1827 2664 dern
1862 2612 1969 2664 den
2004 2611 2232 2665 Volrativ
2247 2651 2261 2677 ,
2313 2611 2416 2666 wie
2454 2627 2516 2665 er
2550 2612 2699 2665 denn
2736 2610 2879 2666 auch

1692 2700 1779 2754 die
1829 2701 2058 2754 Formen
2104 2701 2344 2754 hercules
2394 2718 2447 2754 u.
2499 2719 2587 2754 mc
2634 2701 2879 2756 hercules

1694 2789 2051 2843 ver-schmiiht.
2079 2820 2145 2828 —-
2174 2790 2269 2842 sed
2293 2791 2405 2859 eqo]
2434 2790 2559 2858 Erg.
2589 2791 2639 2843 d.
2660 2790 2875 2844 Pradik.

1692 2896 1744 2932 ιι.
1784 2878 1975 2946 Objekt
2012 2895 2109 2932 aus
2154 2897 2239 2932 me
2282 2879 2509 2932 dileco-it!
2545 2911 2615 2918 —
2652 2879 2878 2933 virtutis

1692 2967 1831 3036 eim]
1862 2967 1950 3021 ein
1970 2967 2100 3021 Gen.
2122 2983 2245 3020 vom
2274 2969 2479 3021 andern
2508 2967 2786 3038 abhangig.
2808 3000 2874 3008 —-

1694 3056 1950 3126 opinione
1984 3056 2024 3123 f.
2062 3073 2177 3109 non
2210 3057 2389 3126 nulla]
2438 3055 2604 3123 „eine
2642 3057 2876 3126 einiger-

1695 3146 1904 3200 matsen
1964 3145 2211 3214 giinstige
2274 3145 2601 3214 Meinung“;
2665 3145 2874 3215 opinio,

1695 3235 1845 3288 sonst
1882 3250 1985 3287 vox
2019 3234 2197 3288 media
2210 3275 2224 3301 ,
2275 3234 2394 3287 hier
2428 3233 2486 3286 in
2522 3234 2880 3303 Verbindung

1696 3324 1795 3376 mit
1845 3341 1959 3377 non
2008 3325 2168 3376 nulla
2222 3323 2349 3393 (vgl.
2404 3341 2617 3392 maym
2670 3341 2754 3393 op.
2810 3349 2874 3367 =

1695 3413 1835 3467 hohe
1887 3413 1981 3480 M.)
2028 3412 2087 3465 in
2136 3413 2324 3466 bonam
2374 3415 2583 3481 partem
2634 3430 2702 3465 zu
2752 3429 2876 3466 ver-

1694 3503 1900 3556 stehen.
1922 3534 1989 3541 —
2017 3503 2080 3555 de
2096 3502 2234 3554 meis
2250 3502 2519 3570 moribus]
2538 3501 2877 3556 Bescheiden

1695 3591 1897 3660 spricht
1960 3589 2141 3644 Lalius
2202 3590 2510 3659 gegeniiber
2571 3591 2671 3644 der
2732 3590 2877 3646 that-

1694 3680 1959 3748 kriiftigen
1974 3721 1987 3747 ‚
2042 3680 2118 3732 im
2170 3679 2491 3748 politischen
2541 3679 2729 3733 Leben
2782 3679 2877 3733 be-

1694 3770 1936 3823 wahrten
1980 3769 2156 3822 virtus
2205 3764 2410 3836 Scipios
2458 3784 2565 3821 nur
2612 3784 2722 3822 von
2772 3768 2877 3822 sei-

1695 3875 1802 3912 nen
1844 3857 1960 3911 rein
1997 3857 2401 3910 menschlichen
2438 3857 2877 3926 Eigenschaften,

1696 3947 1875 4002 seiner
1927 3986 1959 4013 „
1974 3946 2459 4001 Personlichkeit“.
2524 3978 2595 3986 —
2661 3946 2875 4015 ditavit]

1696 4036 1753 4088 in
1800 4036 1897 4089 der
1930 4036 2249 4104 Bedeutung
2295 4035 2390 4088 des
2424 4035 2627 4103 griech.
2670 4035 2880 4090 Aorists

1699 4151 1764 4170 ==
1810 4125 2035 4194 diliqem
2079 4125 2232 4194 coepi
2278 4141 2547 4192 „gewann
2595 4124 2768 4178 lieb“.
2808 4157 2881 4164 —

1696 4215 1875 4283 auxit]
1911 4213 2289 4267 unmittelbare
2324 4213 2885 4282 Gegeniiberstellung

1696 4304 1751 4356 in
1804 4302 2208 4372 asyndetischer
2254 4302 2413 4355 Form
2428 4342 2442 4368 ,
2494 4302 2632 4356 auch
2686 4302 2761 4356 im
2808 4303 2881 4356 D.
