3175 4825
436 284 515 347 38
1225 287 1496 343 Ciceronis
1531 287 1745 342 Laelius
1780 288 1847 341 de
1884 288 2116 341 amicitia

443 468 569 514 non
615 452 847 533 posset.
918 450 1161 529 Quodsi
1209 451 1320 532 qui
1364 451 1618 533 longius
1664 452 1729 514 in
1778 451 2059 515 amicitia
2088 452 2367 534 provecti
2399 453 2631 527 essent,
2676 454 2900 515 tamen

445 574 631 640 saepe
678 556 1075 634 labefactari,
1137 558 1190 621 si
1248 558 1313 621 in
1370 557 1627 622 honoris
1673 558 2139 623 contentionem
2185 557 2589 631 incidissent;
2648 561 2900 641 pestem

444 664 614 727 enim
659 664 907 728 nullam
952 665 1258 729 maiorem
1307 684 1446 729 esse
1495 665 1792 728 amicitiis
1842 684 2036 745 quam
2095 666 2160 728 in
2219 664 2536 747 plerisque
2591 664 2897 748 pecuniae

445 771 882 853 cupiditatem,
927 771 994 834 in
1040 772 1298 855 optimis
1347 772 1705 853 quibusque
1737 772 1991 835 honoris
2024 775 2346 835 certamen
2394 774 2460 835 et
2504 772 2775 853 gloriae;
2825 790 2900 836 ex

351 896 420 938 aa
445 896 570 958 quo
616 878 981 942 inimicitias
1029 878 1338 942 maximas
1372 896 1559 960 saepe
1606 878 1775 942 inter
1806 878 2222 942 amicissimos
2256 879 2591 942 exstitisse.
2659 879 2900 959 Magna

443 982 639 1047 etiam
685 983 950 1049 discidia
997 987 1063 1048 et
1106 985 1483 1068 plerumque
1543 984 1716 1048 iusta
1775 986 1977 1060 nasci,
2038 1004 2184 1048 cum
2244 984 2483 1065 aliquid
2533 986 2610 1049 ab
2658 986 2899 1061 amicis,

443 1090 613 1171 quod
659 1094 907 1155 rectum
954 1110 1080 1156 non
1128 1094 1314 1168 esset,
1360 1092 1817 1174 postularetur,
1865 1093 1941 1154 ut
1986 1093 2098 1155 aut
2142 1091 2421 1155 libidinis
2460 1093 2737 1155 ministri
2784 1095 2900 1156 aut

443 1196 762 1262 adiutores
806 1202 1021 1262 essent
1053 1197 1131 1262 ad
1164 1198 1483 1275 iniuriam,
1531 1197 1698 1279 quod
1734 1199 1842 1280 qui
1876 1200 2261 1275 recusarent,
2310 1197 2600 1279 quamvis
2631 1199 2897 1262 honeste

440 1304 506 1367 id
552 1304 852 1381 facerent,
897 1306 998 1369 ius
1046 1308 1264 1369 tamen
1313 1305 1629 1370 amicitiae
1678 1305 1967 1370 deserere
2016 1309 2436 1387 arguerentur
2482 1305 2560 1369 ab
2605 1306 2709 1381 iis,
2760 1305 2899 1385 qui-

441 1412 562 1475 bus
610 1412 873 1493 obsequi
917 1412 1193 1487 nollent3
1253 1412 1396 1476 illos
1453 1415 1697 1489 autem,
1759 1412 1869 1493 qui
1916 1411 2163 1494 quidvis
2212 1413 2292 1476 ab
2338 1411 2540 1476 amico
2588 1412 2900 1475 auderent

443 1518 793 1600 postulare,
853 1520 1279 1602 postulatione
1339 1520 1479 1602 ipsa
1538 1518 1820 1602 profiteri
1883 1520 2095 1583 omnia
2150 1537 2217 1583 se
2273 1519 2462 1583 amici
2508 1536 2703 1582 causa
2759 1537 2898 1583 esse

437 1624 740 1689 facturos.
831 1626 1070 1690 Eorum
1117 1628 1377 1707 querela
1423 1627 1813 1691 inveteratas
1859 1645 1985 1690 non
2030 1627 2214 1690 modo
2270 1626 2737 1690 familiaritates
2795 1645 2901 1689 ex-

437 1732 682 1813 stingui
730 1734 948 1808 solere,
995 1733 1107 1797 sed
1154 1733 1297 1797 odia
1345 1734 1539 1797 etiam
1586 1733 1760 1815 gigni
1808 1734 2211 1817 sempiterna.
2280 1732 2456 1797 Haec
2500 1734 2593 1796 ita
2639 1734 2901 1797 multa

433 1997 699 2066 junktion.
760 2030 826 2037 —
883 1997 1104 2067 quodsi]
1161 1996 1266 2066 vgl.
1325 2014 1392 2050 zu
1446 2000 1476 2066 ξ
1525 2000 1612 2064 23,

434 2102 676 2155 genauer
711 2086 865 2141 sollte
912 2102 970 2140 es
1006 2086 1250 2155 quodetsi
1288 2086 1513 2141 heissen.
1545 2118 1614 2125 —

437 2176 658 2245 lmnqius
685 2176 750 2229 in
779 2194 889 2230 am.
913 2176 1182 2245 provecti]
1221 2174 1439 2229 bildlich
1476 2176 1617 2242 „auf

435 2265 564 2319 dem
593 2265 763 2333 Wege
800 2266 896 2319 der
930 2266 1257 2319 Freundsch.
1299 2265 1485 2319 weiter
1521 2282 1614 2317 zu-

437 2355 914 2424 sammengehen“.
974 2386 1042 2393 —
1093 2354 1159 2407 in
1213 2355 1437 2425 optimis
1491 2354 1615 2424 qui-

435 2444 610 2513 busq]
659 2444 775 2498 Der
820 2443 1004 2498 Plural
1049 2445 1107 2497 in
1157 2445 1341 2514 Bezug
1387 2446 1482 2498 auf
1528 2444 1616 2497 die

439 2533 937 2602 Freundespaare.
989 2566 1057 2573 —
1107 2551 1170 2587 ex
1216 2551 1320 2601 quo
1526 2551 1616 2586 ex-

435 2621 665 2691 stitisse]
703 2623 825 2676 dem
861 2622 1080 2691 vorigen
1111 2622 1235 2677 Satz
1272 2621 1617 2690 beigeordnet

439 2737 512 2757 -——
569 2729 704 2764 nam
766 2729 830 2765 ex
891 2729 948 2764 eo
1012 2727 1084 2764 sc.
1150 2711 1294 2779 quod
1357 2715 1488 2764 esset
1550 2710 1617 2763 in

429 2800 706 2869 pleri-§qim
747 2799 1014 2870 pecuniae
1063 2799 1340 2869 cupiditas
1391 2802 1491 2853 etc.
1545 2833 1613 2840 —

438 2889 799 2959 inimicitias]
850 2889 933 2942 Im
981 2888 1230 2958 Singular
1277 2888 1451 2942 findet
1499 2889 1614 2942 sich

434 2979 534 3032 das
583 2978 741 3032 Wort
787 2979 873 3032 bei
923 2978 1109 3034 Cicero
1163 2996 1269 3032 nur
1320 2977 1617 3033 vereinzelt

436 3067 517 3135 (in
565 3068 671 3121 den
718 3067 905 3136 philos.
945 3067 1265 3136 Schriften),
1315 3068 1426 3121 und
1476 3084 1618 3121 zwar

437 3157 497 3210 in
560 3157 656 3212 der
717 3158 1033 3226 Bedeutung
1097 3198 1127 3224 „
1141 3156 1456 3226 feindselige
1511 3158 1614 3210 Ge·

435 3246 672 3316 sinnung
685 3248 732 3299 “.

515 3349 597 3390 35.
662 3335 926 3404 discidia]
993 3334 1480 3401 „Zerwiirtnisse“.
1547 3367 1613 3375 -

435 3423 610 3493 iusta]
660 3424 927 3478 natiirlich
971 3424 1249 3479 vonseiten
1285 3425 1466 3492 derer,
1517 3424 1619 3494 qui

433 3519 762 3567 manarent.
814 3545 883 3553 —
924 3514 1262 3583 pleruquoe]
1314 3514 1461 3581 weil,
1511 3514 1614 3569 wie

438 3602 620 3656 Lfflius
656 3602 822 3656 selbst
857 3605 887 3672 ξ
924 3605 984 3658 61
1043 3602 1320 3671 zugesteht
1335 3643 1348 3669 ,
1399 3619 1456 3657 es
1493 3620 1614 3657 vor·

437 3693 687 3746 kommen
724 3693 889 3757 kann,
935 3697 996 3744 ut
1031 3691 1221 3744 minus
1256 3691 1435 3745 iustae
1468 3692 1613 3744 mni-

435 3798 630 3835 corum
665 3782 960 3834 voluntates
997 3780 1339 3833 adiuvandae
1374 3779 1504 3832 sint.
1545 3811 1612 3818 —

435 3887 566 3924 cum
615 3911 626 3922 .
657 3911 668 3922 .
701 3911 712 3922 .
753 3871 1140 3939 postularetur]
1188 3869 1244 3921 in
1292 3870 1389 3923 der
1435 3868 1616 3923 Oratio

441 3961 617 4013 recta:
674 3975 800 4012 cum
847 3999 860 4010 .
884 3999 929 4010 ..
973 3959 1316 4026 postulatur,
1373 3956 1459 4011 die
1509 3957 1614 4010 Be-

434 4049 725 4117 griindung
759 4046 894 4116 folgt
943 4048 1054 4100 erst
1090 4046 1188 4098 mit
1222 4046 1364 4115 quod
1397 4046 1498 4114 qui
1529 4063 1614 4099 re·

393 4159 399 4164 ·
433 4142 691 4192 cii-sarmit
727 4139 826 4190 etc.
866 4169 933 4176 —
980 4142 1042 4190 ut
1076 4137 1266 4204 essent]
1305 4136 1614 4204 Epexegese

439 4244 509 4280 zu
557 4227 775 4295 aliquid
820 4227 962 4294 quod
1007 4230 1129 4278 rect.
1168 4241 1281 4278 non
1315 4229 1458 4291 esset,
1506 4223 1611 4293 vgl.

436 4317 608 4368 unten
637 4318 667 4385 ξ
697 4317 780 4371 70.
821 4347 888 4354 --
927 4314 1201 4382 libidinis]
1242 4313 1616 4381 „schniider

1721 1998 1911 2051 Lust“.
1929 2028 1995 2037 --
2016 1997 2310 2066 adiutores]
2328 1996 2807 2065 „Helfershelse1·“.
2826 2029 2901 2037 —

1722 2087 1863 2155 quod
1896 2086 1995 2155 qui
2032 2091 2341 2139 recusarent
2378 2126 2389 2138 .
2423 2128 2434 2139 .
2467 2128 2478 2139 .
2517 2088 2898 2156 affluerentur]

1722 2175 2083 2245 Begriindung
2118 2174 2439 2228 vermittelst
2487 2174 2745 2229 relativen
2784 2178 2901 2230 An-

1723 2263 1991 2318 schlusses
2042 2264 2105 2317 st.
2145 2280 2271 2317 cum
2307 2263 2409 2332 qui
2441 2264 2515 2317 id.
2591 2264 2773 2319 Wenn
2812 2265 2902 2319 bei

1724 2352 1934 2407 solcher
1970 2352 2227 2406 relativen
2255 2353 2624 2424 Ankniipfung
2658 2354 2753 2407 das
2789 2354 2900 2407 Re-

1721 2442 2157 2511 lativpronomen‚
2186 2443 2288 2496 wie
2314 2442 2434 2495 hier
2460 2444 2611 2511 quod,
2642 2443 2720 2497 als
2746 2443 2900 2497 Satz-

1722 2529 1817 2584 teil
1862 2531 1919 2583 in
1958 2530 2115 2584 einen
2150 2531 2265 2584 sich
2303 2531 2468 2585 daran
2504 2531 2901 2586 schliessenden

1724 2619 1957 2674 Relativ-
2014 2621 2141 2674 oder
2192 2620 2722 2688 Konjunktionalsatz
2776 2622 2899 2676 auf-

1722 2725 2040 2778 genommen
2073 2709 2219 2776 wird,
2258 2709 2397 2763 ohne
2423 2710 2541 2764 dats
2570 2725 2628 2763 es
2656 2709 2903 2779 zugleich

1724 2815 1789 2851 zu
1844 2799 1966 2853 dem
2022 2799 2214 2852 darauf
2266 2798 2390 2868 folg.
2447 2798 2605 2853 Satze
2662 2799 2899 2869 bezogen

1722 2888 1939 2942 werden
1976 2888 2142 2956 kann,
2192 2904 2251 2941 so
2288 2887 2360 2941 ist
2393 2887 2467 2940 im
2501 2888 2567 2942 D.
2606 2891 2739 2942 stets
2776 2889 2899 2944 eine

1719 2975 1920 3031 freiere
1974 2977 2263 3046 Wendung
2316 2977 2486 3046 notig,
2551 2977 2670 3031 hier
2731 2979 2897 3032 etwa:

1723 3066 1885 3133 „eine
1912 3067 2233 3134 Zumutung,
2271 3066 2437 3119 durch
2465 3067 2631 3120 deren
2659 3067 2901 3122 Zuriick-

1721 3154 1963 3224 weisung
2013 3196 2025 3207 .
2058 3196 2069 3207 .
2104 3196 2114 3208 .
2165 3172 2288 3208 man
2338 3155 2451 3209 sich
2498 3155 2583 3208 die
2633 3155 2901 3210 Beschul·

1722 3242 1920 3313 digung
1957 3248 2151 3313 zuzoge
2191 3286 2202 3297 .
2226 3285 2238 3296 .
2262 3247 2326 3298 .“.
2367 3277 2435 3284 -
2476 3243 2713 3313 quidvis]
2752 3245 2803 3298 d.
2843 3245 2897 3298 h.

1720 3332 1889 3386 etiam
1925 3334 2067 3403 quod
2107 3339 2312 3387 rectu-m
2356 3350 2469 3387 non
2514 3338 2658 3387 esset.
2698 3365 2767 3373 —
2805 3334 2898 3387 in-

1721 3427 2043 3477 veteratae..
2061 3464 2073 3475 .
2093 3423 2441 3492 sempitema]
2470 3422 2526 3474 in
2552 3421 2903 3477 chiastischer

1722 3511 1982 3581 Stellung,
2020 3529 2112 3565 um
2140 3513 2226 3568 die
2252 3511 2434 3565 Weite
2465 3512 2562 3565 der
2588 3511 2898 3566 enistehen·

1720 3601 1826 3654 den
1853 3601 2011 3654 Kluft
2038 3618 2104 3654 zu
2132 3600 2659 3667 veranschaulichen,
2691 3618 2744 3654 u.
2774 3600 2899 3655 des-

1721 3689 1846 3744 halb
1895 3690 1950 3741 in
2004 3690 2090 3744 die
2144 3689 2606 3758 gegensiitzlichen
2656 3689 2901 3758 Begrifle

1720 3779 1856 3846 fam.
1904 3779 2181 3847 exstinyui
2226 3820 2236 3832 .
2269 3820 2280 3831 .
2313 3820 2324 3831 .
2372 3779 2500 3832 odia
2542 3779 2706 3848 qimai
2748 3779 2901 3833 nicht

1722 3867 1822 3920 mit
1877 3868 2214 3937 einbezogen.
2276 3899 2339 3907 —
2394 3867 2523 3922 haec
2576 3868 2660 3922 ita
2722 3869 2904 3923 multa

1723 3957 1889 4024 quasi
1931 3957 2052 4024 fata
2097 3957 2253 4026 imp]
2304 3956 2582 4026 „derartig
2630 3957 2903 4012 zahlreich

1723 4045 1870 4098 seien
1896 4046 2045 4099 diese
2072 4045 2487 4114 Verhiingnisse,
2526 4062 2584 4099 so
2623 4063 2689 4099 zu
2716 4062 2898 4116 sagen,

1725 4133 1925 4188 welche
1963 4176 1974 4187 .
2008 4175 2020 4187 .
2051 4137 2119 4186 .“.
2206 4134 2371 4203 quasi
2415 4134 2631 4189 mildert
2677 4153 2730 4188 u.
2781 4139 2899 4189 ent-

1720 4222 1988 4292 schuldigt
2022 4223 2480 4292 gewissermal'sen
2526 4225 2632 4278 den
2668 4224 2790 4279 hier
2824 4225 2901 4277 im

1722 4311 2012 4381 uneigentl.
2070 4313 2233 4366 Sinne
2288 4313 2647 4381 gebrauchten
2704 4315 2900 4368 Ausdr.
