3175 4825
317 1508 399 1567 27

423 305 494 367 78
1203 306 1472 362 Ciceronis
1509 305 1722 360 Laelius
1758 306 1823 359 de
1861 304 2092 359 amicitia

743 470 878 546 „Ut
922 488 1024 532 me
1073 469 1259 532 hodie
1308 471 1455 532 ante
1504 487 1723 531 omnes
1771 468 2043 532 comicos
2092 466 2327 531 stultos
2374 482 2557 530 senes

743 575 1036 640 Versaris
1085 578 1276 656 atque
1326 575 1654 638 inlusseris
1700 574 2167 639 lautissume!“

311 723 403 763 ιοο
427 702 603 765 Haec
650 701 816 765 enim
867 701 1060 764 etiam
1107 700 1172 763 in
1219 699 1448 764 fabulis
1493 699 1874 763 stultissima
1919 717 2188 781 persona
2235 699 2335 762 est
2380 697 2875 780 improvidorum

427 811 491 872 et
537 808 937 873 credulorum
972 826 1212 871 senum.
1287 806 1409 870 Sed
1455 807 1666 870 nescio
1716 825 1838 888 quo
1883 808 2069 889 pacto
2116 807 2195 870 ab
2242 804 2536 868 amicitiis
2568 803 2877 886 perfecto-

425 935 568 980 rum
626 915 982 989 hominum,
1044 914 1103 977 id
1169 916 1267 977 est
1326 914 1711 995 sapientium
1770 913 1873 996 (de
1933 914 2055 977 hac
2118 912 2254 976 dico
2314 912 2650 994 sapientia,
2710 928 2876 992 quae

424 1022 672 1086 videtur
703 1022 769 1084 in
801 1022 1122 1085 hominem
1155 1019 1378 1084 cadere
1410 1020 1639 1102 posse),
1688 1019 1766 1083 ad
1813 1020 1983 1083 leves
2018 1019 2331 1083 amicitias
2362 1017 2625 1082 defluxit
2654 1016 2877 1081 oratio.

425 1126 631 1206 Quam
691 1129 768 1192 ob
828 1146 962 1192 rem
1023 1127 1100 1190 ad
1161 1128 1272 1190 illa
1333 1128 1536 1209 prima
1593 1127 1930 1190 redeamus
1990 1144 2191 1208 eaque
2237 1126 2375 1209 ipsa
2422 1123 2876 1189 concludamus

425 1235 782 1317 aliquando.

601 1501 920 1578 VirtuS,
968 1504 1196 1576 virtu8‚
1250 1502 1540 1582 inquam,
1589 1501 1657 1567 C.
1704 1502 1905 1566 Fanni
1954 1503 2020 1565 et
2064 1502 2139 1564 tu
2187 1499 2259 1579 Q.
2306 1502 2505 1577 Muci,
2568 1503 2647 1567 et
2692 1521 2872 1566 con-

424 1610 663 1673 ciliat
709 1610 1121 1673 amicitias
1171 1611 1249 1671 et
1295 1612 1769 1672 conservat:
1836 1609 1902 1671 in
1959 1626 2033 1671 ea
2080 1609 2177 1673 est
2224 1609 2393 1672 enim
2440 1609 2879 1673 convenientia

424 1736 655 1791 rerum,
701 1716 768 1779 in
817 1735 891 1779 ea
939 1716 1274 1791 stabilitae,
1320 1716 1385 1777 in
1435 1734 1511 1778 ea
1557 1715 1950 1789 constantia;
2015 1732 2177 1797 quae
2226 1734 2371 1778 cum
2421 1733 2486 1779 36
2535 1716 2766 1779 extulit
2813 1718 2879 1779 et

423 1822 704 1886 ostendit
749 1842 939 1885 suum
986 1823 1202 1886 lumen
1250 1826 1317 1885 et
1361 1822 1529 1886 idem
1577 1822 1866 1904 adspexit
1911 1822 2337 1904 adgnovitque
2384 1822 2450 1885 in
2498 1823 2637 1897 alic,
2686 1821 2765 1885 ad
2812 1821 2877 1886 id

425 1949 490 1993 se
540 1930 837 1993 admovet
883 1930 1288 2010 vicissimque
1337 1930 1567 2012 accipit
1612 1929 1799 2005 illud,
1862 1930 2027 2010 quod
2075 1930 2140 1993 in
2188 1930 2388 1993 altero
2437 1931 2559 2004 est,
2620 1948 2693 1993 ex
2752 1948 2877 2010 quo

423 2036 774 2100 exardescit
835 2037 964 2100 sive
1027 2055 1205 2100 amor
1252 2036 1383 2099 sive
1433 2036 1730 2100 amicitia.
1820 2036 2184 2118 Utrumque
2247 2037 2417 2100 enim
2477 2036 2719 2100 dictum
2780 2038 2880 2100 est

423 2284 653 2352 ziehung
701 2284 796 2336 auf
831 2288 1008 2352 aperte
1043 2284 1370 2337 adulantem.
1419 2315 1486 2322 —-
1537 2290 1599 2336 ut

421 2390 505 2427 me
535 2372 693 2428 hodie
734 2415 743 2426 .
771 2415 781 2426 .
807 2415 816 2425 .
855 2373 1110 2444 versaris]
1149 2372 1435 2442 unwillige,
1475 2388 1596 2427 vor-

422 2462 730 2516 wurfsvolle
768 2463 961 2531 Frage:
1015 2463 1149 2530 „wie
1196 2464 1267 2516 du
1313 2463 1456 2516 mich
1493 2479 1599 2515 nur

422 2569 480 2606 so
505 2551 599 2604 hin
624 2552 733 2604 und
763 2552 860 2604 her
885 2552 1042 2620 iagen
1060 2552 1336 2605 konntest!
1353 2555 1384 2582 “
1437 2552 1597 2605 Diese

423 2642 593 2694 Verse
631 2642 892 2694 stammen
928 2639 1068 2693 nach
1103 2640 1185 2695 De
1223 2656 1334 2694 sen.
1382 2644 1459 2701 11,
1497 2644 1595 2696 36:

424 2745 597 2798 „quos
662 2730 735 2782 ait
789 2727 1050 2784 Caecilius
1115 2729 1344 2782 comicos
1407 2729 1597 2783 stultos

422 2834 609 2884 seneS,
676 2819 773 2871 hos
827 2818 1096 2886 significat
1150 2819 1434 2873 credulos“
1490 2835 1593 2872 von

421 2909 544 2960 dem
583 2907 1056 2976 Lustspieldichter
1089 2907 1350 2962 Caecilius
1379 2907 1595 2974 Statius,

423 2997 598 3049 einem
633 2997 896 3066 jiingeren
933 2997 1306 3065 Zeitgenossen
1356 2998 1450 3050 des
1487 2997 1595 3050 En-

420 3085 556 3138 nius,
613 3117 683 3125 —
743 3087 994 3156 comicos]
1053 3086 1201 3139 nicht
1255 3086 1594 3154 ,‚komisch“,

421 3175 650 3228 sondern
706 3175 806 3242 „in
860 3177 958 3229 der
1006 3176 1322 3230 Komodie“.
1382 3207 1448 3214 —
1505 3176 1594 3228 in-

422 3263 667 3333 haeseris]
718 3264 815 3316 mit
861 3263 1142 3317 derselben
1181 3264 1596 3332 Verdoppelung

421 3353 522 3406 wie
559 3369 770 3406 caussa.

505 3455 613 3495 noo.
693 3441 1124 3509 improvidorum
1199 3484 1210 3494 .
1248 3484 1259 3494 .
1297 3484 1306 3494 .
1382 3446 1594 3514 sentem]

421 3529 746 3598 Apposition.
800 3563 866 3569 —
915 3531 1096 3584 nescio
1145 3549 1248 3600 quo
1276 3533 1457 3602 pacto]
1507 3531 1597 3586 ich

423 3619 572 3673 weiss
621 3618 794 3687 nicht,
853 3619 953 3673 wie
1003 3620 1098 3673 das
1147 3621 1460 3689 gekommen
1509 3620 1593 3688 ist,

421 3708 471 3760 d.
511 3707 562 3758 h.
603 3707 1100 3775 „unwillkiirlich“.
1155 3741 1222 3748 -
1272 3710 1334 3762 de
1369 3710 1471 3763 hac

419 3796 709 3864 sapientia,
761 3815 897 3866 quae
935 3799 1059 3867 eta]
1098 3798 1172 3851 im
1209 3800 1329 3868 Ggs.
1371 3817 1438 3852 zu
1473 3800 1595 3853 dem

421 3885 871 3940 unerreichbaren
972 3887 1399 3942 Weisheitsideal
1501 3889 1597 3942 der

421 3975 652 4041 Stoiker‚
706 3975 806 4044 vgl.
863 3979 892 4045 g
944 3980 1026 4032 18.
1085 4010 1150 4016 -
1208 3978 1273 4031 in
1321 3978 1598 4032 hominem

421 4064 624 4133 cadere]
678 4105 733 4133 „.
771 4106 780 4116 .
819 4106 828 4116 .
884 4065 1042 4119 zuteil
1081 4068 1352 4120 werden“.
1408 4099 1473 4106 —-
1523 4068 1599 4120 ad

421 4153 551 4206 leves
587 4153 872 4208 amicitias
913 4155 1155 4224 defluxit]
1203 4155 1306 4224 vgl.
1356 4173 1424 4210 zu
1459 4160 1489 4225 ἓ
1527 4159 1596 4212 76

418 4241 697 4296 delabitur.
749 4275 817 4282 -—
867 4261 1034 4312 quam
1082 4244 1594 4299 obrem...ali·

420 4331 656 4400 quando]
711 4321 1000 4401 Ubergang
1063 4349 1160 4386 zur
1215 4332 1594 4388 Conclusio

1707 2283 1961 2353 (Schluts)
1977 2324 1990 2351 ‚
2042 2283 2129 2337 die
2177 2283 2281 2337 den
2334 2301 2401 2337 an
2448 2283 2532 2336 die
2570 2282 2747 2352 Spitze
2784 2283 2880 2335 der

1705 2372 2063 2442 Abhandlung
2098 2372 2380 2442 gestellten
2418 2372 2879 2442 Grundgedanken

1706 2465 1735 2531 ἓ
1791 2465 1855 2518 18
1901 2463 2024 2516 nisi
2068 2463 2133 2516 in
2189 2463 2344 2516 bonis
2398 2461 2714 2516 amicitiam
2767 2480 2879 2516 esse

1704 2569 1816 2605 mm
1843 2570 2001 2622 posse
2048 2552 2186 2605 noch
2234 2551 2427 2605 einmal
2465 2551 2880 2605 nachdriicklich

1706 2641 1967 2695 vortiihrt.
2041 2642 2179 2694 Dem
2216 2640 2527 2710 gehobenen
2553 2640 2748 2694 Pathos
2784 2641 2880 2694 des

1706 2729 1985 2785 Sehlusses
2048 2730 2240 2784 dienen
2312 2729 2485 2799 gleich
2557 2729 2612 2781 in
2685 2730 2879 2784 dessen

1706 2822 1903 2874 erstem
1948 2819 2103 2874 Satze
2151 2819 2270 2872 eine
2306 2819 2474 2873 Reihe
2522 2818 2882 2873 rhetorisclier

1705 2908 1905 2963 Mittel:
1958 2909 2043 2962 die
2081 2907 2493 2978 Verdoppelung
2540 2907 2879 2976 (Geminatio)

1704 2998 1797 3051 des
1826 2998 2041 3052 Wor'oes
2069 2997 2256 3062 virtus,
2296 2997 2525 3051 welches
2551 2997 2636 3051 die
2666 2997 2877 3051 Grund-

1704 3087 1822 3141 idee
1876 3086 1933 3138 in
1986 3087 2082 3140 der
2135 3086 2498 3155 Anschauung
2550 3086 2645 3140 des
2698 3085 2879 3140 Liilius

1704 3176 1840 3229 iiber
1875 3175 1961 3230 die
1997 3175 2387 3230 Freundschaft
2422 3175 2749 3241 bezeichnen
2792 3175 2879 3229 die

1704 3265 2087 3334 Einschaltung
2140 3265 2235 3319 des
2298 3264 2735 3333 bekrafflgenden
2788 3265 2879 3318 in-

1705 3371 1886 3423 quam,
1916 3355 2015 3408 der
2032 3355 2221 3409 Zusatz
2241 3355 2334 3408 des
2352 3354 2685 3408 Praenomen
2710 3353 2765 3407 in
2784 3355 2881 3408 der

1706 3444 1918 3498 Anrede
1954 3444 2062 3496 und
2098 3443 2185 3497 die
2223 3443 2477 3512 Anapher
2510 3459 2615 3496 von
2652 3443 2718 3496 in
2753 3461 2832 3497 ea.

1777 3603 2005 3659 Sohlul's
2044 3604 2196 3672 (Kap.
2236 3604 2342 3671 27).

1779 3709 1931 3779 Καρ.
1976 3711 2072 3768 27.
2149 3710 2407 3764 conciliat
2446 3752 2455 3762 .
2489 3752 2500 3762 .
2534 3753 2544 3763 .
2584 3716 2631 3764 et
2667 3727 2877 3765 conser-

1706 3801 1812 3868 vat]
1869 3799 1973 3868 vgl.
2030 3803 2061 3870 g
2116 3803 2187 3856 20
2240 3800 2414 3854 virtue
2464 3800 2783 3854 amicitiam
2832 3806 2879 3854 et

1699 3888 1881 3958 qimiit
1942 3894 1990 3942 et
2053 3889 2298 3943 continet.
2367 3921 2433 3928 ——
2507 3889 2879 3943 convenientia

1703 3979 1909 4046 rerum]
1956 3995 2141 4032 rerum
2186 3979 2353 4033 bleibt
2398 3980 2747 4033 uniibersetzt
2791 3982 2879 4047 (zu

1705 4068 1734 4135 ἕ
1772 4069 1839 4122 23
1876 4085 2062 4120 rerwm
2096 4069 2347 4135 natura):
2388 4068 2779 4134 ‚‚Harmonie“.
2811 4099 2877 4108 ο-

1702 4173 1868 4209 suum
1905 4156 2107 4226 lumen]
2154 4156 2229 4209 im
2266 4157 2387 4226 Ggs.
2436 4175 2503 4211 zu
2538 4157 2605 4210 in
2639 4157 2769 4211 alio.
2810 4189 2877 4196 —

1702 4261 1766 4298 ex
1801 4246 1924 4315 quo]
1962 4245 2119 4302 naml.
2160 4263 2254 4300 aus
2282 4247 2482 4300 diesem
2510 4247 2777 4317 Vorgang.
2810 4279 2875 4286 —

1702 4351 1860 4388 amor
1898 4376 1909 4387 .
1945 4376 1955 4387 .
1994 4376 2004 4387 .
2044 4335 2319 4405 amicitia]
2370 4335 2475 4405 vgl.
2516 4354 2583 4390 zu
2617 4339 2647 4408 ἓ
2684 4338 2769 4392 26.
2811 4367 2876 4376 —-
