3175 4825
459 254 532 314 58
1055 264 1060 273 ’
1245 256 1514 311 Ciceronis
1551 255 1762 309 Laelius
1798 255 1863 309 de
1902 255 2132 309 amicitia

462 436 716 482 movere
763 437 887 482 non
935 420 1164 501 potuit,
1212 420 1679 500 cognoscuntur
1723 418 1790 480 in
1837 436 2088 499 magna.
2184 417 2295 482 Sin
2343 421 2532 482 erunt
2578 418 2775 499 aliqui
2818 438 2913 483 re-

462 526 656 607 perti,
719 525 827 606 qui
873 526 1209 607 pecuniam
1255 524 1571 608 praeferre
1622 524 1937 589 amicitiae
1986 524 2311 589 sordidum
2361 525 2750 602 existiment,
2808 526 2909 589 ubi

465 650 570 695 eos
611 632 1025 709 inveniemuS,
1073 632 1183 713 qui
1215 632 1501 708 honoreS,
1547 632 1982 713 magistratus,
2028 631 2311 715 imperia,
2356 632 2722 714 potestates»,
2770 651 2914 715 opes

465 738 780 803 amicitiae
828 757 950 802 non
1002 740 1418 821 anteponant,
1467 740 1556 814 ut,
1605 757 1751 801 cum
1799 757 1873 801 ex
1920 738 2123 802 altera
2168 741 2347 820 parte
2395 738 2715 821 proposita
2761 738 2915 803 haec

464 846 609 921 sint,
656 863 732 909 ex
763 846 964 909 altera
996 846 1096 909 ius
1131 845 1463 922 amicitiae,
1508 864 1634 908 non
1666 845 1869 908 multo
1904 845 2015 907 illa
2044 845 2319 908 malint?
2387 844 2716 909 Imbecilla
2748 846 2909 909 enim

465 954 564 1015 est
620 956 854 1015 natura
915 951 995 1016 ad
1057 950 1586 1016 contemnendam
1642 951 2025 1033 potentiam3
2090 970 2282 1031 quam
2330 951 2583 1016 etiamsi
2627 952 2917 1034 neglecta

465 1059 745 1123 amicitia
791 1060 1113 1123 consecuti
1159 1060 1311 1134 sint,
1361 1059 1773 1122 obscuratum
1818 1058 1898 1121 iri
1944 1058 2365 1134 arbitrantur,
2414 1058 2563 1139 quia
2610 1078 2736 1123 non
2782 1059 2916 1123 sine

377 1188 436 1229 64
465 1184 698 1247 magna
745 1183 937 1228 causa
986 1166 1070 1229 sit
1112 1166 1402 1247 neglecta
1436 1164 1734 1229 amicitia.
1809 1164 2039 1245 Itaque
2091 1183 2273 1229 verae
2320 1164 2635 1229 amicitiae
2675 1164 2917 1229 difficil-

463 1272 612 1335 lime
660 1272 1062 1354 reperiuntur
1108 1273 1174 1335 in
1220 1272 1316 1348 iis,
1363 1272 1474 1353 qui
1520 1272 1584 1334 in
1633 1271 1975 1335 honoribus
2023 1290 2217 1352 reque
2264 1271 2517 1354 publica
2548 1276 2917 1346 versantur;

463 1378 572 1440 ubi
620 1378 790 1441 enim
822 1378 1018 1441 istum
1052 1378 1355 1455 inveniaS,
1404 1378 1515 1460 qui
1544 1378 1848 1441 honorem
1882 1377 2069 1441 amici
2102 1380 2448 1460 anteponat
2478 1380 2639 1441 suo?
2702 1377 2918 1457 Quid?

463 1484 621 1547 haec
667 1486 741 1548 ut
787 1486 1096 1561 omittam,
1145 1503 1339 1567 quam
1387 1503 1632 1566 graveS,
1681 1502 1875 1566 quam
1921 1483 2209 1549 difficiles
2256 1485 2575 1567 plerisque
2623 1485 2919 1551 videntur

464 1591 907 1655 calamitatum
954 1592 1319 1657 societates!
1369 1591 1448 1655 ad
1497 1610 1658 1673 quas
1706 1610 1830 1655 non
1879 1593 1979 1654 est
2009 1590 2192 1655 facile
2224 1591 2487 1656 inventu
2520 1593 2631 1674 qui
2663 1592 2921 1657 descen·

464 1698 636 1761 dant.
729 1696 1136 1780 Quamquam
1182 1698 1428 1761 Ennius
1474 1700 1682 1762 recte:

935 1852 968 1880 „
983 1804 1244 1868 Amicus
1292 1807 1504 1869 certus
1551 1805 1621 1868 in
1668 1823 1735 1868 re
1782 1804 2025 1867 incerta
2071 1803 2352 1868 cernitur
2366 1811 2417 1881 ⁴⁴,

463 1912 680 1973 tamen
727 1910 887 1974 haec
932 1911 1056 1973 duo
1103 1911 1382 1992 levitatis
1431 1915 1494 1974 et
1539 1911 1929 1974 infirmitatis
1977 1912 2312 1993 plerosque
2360 1913 2759 1990 convincunt,
2808 1916 2925 1977 aut

465 2017 519 2080 si
573 2018 639 2080 in
698 2017 876 2081 bonis
924 2018 1113 2081 rebus
1162 2020 1579 2082 contemnunt
1628 2020 1741 2081 aut
1785 2018 1849 2080 in
1896 2018 2084 2081 malis
2134 2016 2451 2082 deserunt.
2546 2018 2669 2097 Qui
2722 2020 2925 2101 igitur

465 2228 547 2294 D.,
587 2228 686 2281 wie
724 2228 809 2282 bei
849 2229 1114 2283 Goethe
1163 2232 1219 2281 in
1270 2230 1369 2283 der
1405 2229 1638 2297 „Zueig-

465 2321 681 2385 nung“:
740 2318 880 2387 „Ich
935 2319 1130 2371 konnte
1185 2318 1326 2372 mich
1376 2319 1431 2370 in
1483 2317 1639 2371 ihren

465 2410 654 2476 Augen
702 2408 878 2475 lesen,
929 2408 1062 2462 XVas
1111 2408 1198 2462 ich
1249 2407 1480 2462 verfehlt
1528 2408 1639 2462 und

463 2513 574 2550 was
620 2498 708 2550 ich
758 2498 910 2551 recht
952 2498 1200 2566 getham*
1241 2529 1308 2537 —-
1345 2498 1439 2550 sin
1483 2502 1640 2550 erunt

463 2585 647 2653 aliqui
701 2587 824 2655 etc.]
895 2586 1128 2639 Hiermit
1192 2586 1336 2654 giebt
1391 2586 1449 2639 L.
1515 2585 1639 2638 dem

465 2673 600 2741 Scip.
668 2675 847 2740 recht,
924 2676 1019 2728 der
1082 2678 1112 2743 ξ
1176 2677 1246 2730 34
1320 2675 1637 2742 behauptete

465 2765 713 2830 „pestem
768 2762 969 2817 nullam
1025 2763 1276 2817 maiorem
1333 2780 1449 2817 esse
1505 2762 1637 2816 ami-

465 2850 602 2904 citiis
639 2868 800 2919 quam
836 2853 891 2904 in
942 2852 1154 2921 plerisq.
1193 2852 1450 2920 pecuniae
1489 2852 1636 2920 cupi-

463 2938 681 2992 ditatem
699 2981 712 3007 ,
769 2940 824 2993 in
871 2941 1081 3010 optimis
1131 2941 1372 3010 quibusq.
1421 2941 1637 2994 honoris

464 3032 732 3084 certamen
785 3034 839 3084 et
885 3031 1081 3100 gloriae
1095 3033 1142 3084 “.
1195 3064 1260 3070 -—
1313 3032 1490 3100 erum]
1539 3031 1639 3082 mit

463 3118 782 3172 Nachdruck
830 3120 1232 3188 vorangestellt:
1280 3137 1472 3187 „wenn
1509 3120 1639 3174 aber

464 3208 601 3260 auch
647 3208 1034 3262 wirklich“.
1086 3241 1154 3248 -—
1205 3227 1330 3262 cum
1369 3250 1379 3260 .
1416 3250 1426 3260 .
1463 3250 1474 3260 .
1511 3227 1637 3278 pro-

456 3298 643 3368 posita
671 3298 798 3350 haec
825 3298 960 3365 sint]
1000 3314 1191 3364 „wenn
1228 3297 1304 3351 sie
1335 3315 1401 3350 zu
1429 3297 1638 3350 wahlen

462 3387 637 3441 haben
667 3386 930 3439 zwischen
959 3426 970 3437 .
993 3425 1004 3437 .
1029 3387 1094 3439 .“.
1135 3418 1201 3424 —-
1239 3385 1511 3440 imbecilla
1538 3387 1636 3455 est]

465 3476 578 3544 „ist
631 3473 997 3542 ohnmachtig,
1059 3492 1128 3527 zu
1177 3475 1484 3542 schwach“,
1540 3475 1640 3527 mit

463 3563 743 3618 derselben
770 3563 1004 3616 Konstr.
1061 3563 1162 3618 wie
1216 3564 1310 3617 das
1361 3565 1635 3632 Gegenteil

465 3654 638 3706 valere
668 3655 698 3721 ξ
725 3655 810 3708 60.
851 3684 919 3691 -
956 3652 1300 3706 obscurat-um
1341 3653 1449 3722 iri]
1487 3653 1640 3706 nicht

457 3742 775 3811 potentiam,
806 3741 1036 3794 sondern
1065 3741 1157 3794 das
1186 3741 1486 3809 Vergehen,
1518 3742 1637 3796 dass

465 3832 541 3884 sie
579 3831 663 3884 die
701 3830 1093 3884 Freundschaft
1129 3831 1252 3884 dem
1283 3830 1508 3899 Ehrgeiz
1545 3848 1637 3900 ge-

465 3921 641 3989 opfert
675 3920 865 3973 haben.

539 4023 566 4063 6
580 4024 621 4062 ι.
669 4027 820 4062 verae
865 4008 1148 4062 amicitiae
1182 4009 1518 4076 difficillime
1553 4028 1637 4062 re-

456 4098 755 4167 periuntur
791 4098 854 4150 in
891 4098 968 4151 iis
1007 4098 1129 4166 etc]
1169 4097 1275 4152 Cic.
1327 4097 1472 4166 giebt
1519 4098 1639 4152 hier

464 4187 548 4240 die
585 4187 889 4256 Erfahrung
937 4177 1114 4241 s‘eines
1161 4187 1384 4255 eigenen
1430 4187 1638 4242 Lebens

463 4294 514 4329 u.
555 4293 675 4344 mag
703 4276 856 4330 dabei
884 4276 1172 4330 besonders
1201 4293 1270 4328 an
1296 4275 1380 4329 die
1409 4275 1638 4330 bitteren

1747 2228 2219 2297 Enttauschungen
2277 2229 2506 2297 gedacht
2567 2229 2739 2284 haben
2757 2271 2770 2297 ,
2836 2231 2925 2284 die

1747 2317 1857 2369 ihm
1922 2317 2007 2370 die
2061 2317 2410 2386 Verbindung
2472 2318 2571 2370 mit
2632 2319 2929 2388 Pompejus

1748 2405 2089 2475 eingetragen
2126 2406 2299 2474 hatte3
2335 2424 2426 2460 um
2464 2424 2521 2461 so
2556 2412 2739 2463 treucr
2766 2410 2923 2462 stand

1747 2496 1858 2547 ihm
1886 2496 2111 2562 AtticuS,
2150 2496 2247 2549 der
2283 2496 2397 2549 sich
2434 2513 2559 2550 vom
2587 2497 2925 2567 Staatsleben

1746 2585 1867 2637 feru
1923 2584 2084 2652 hielt,
2154 2584 2269 2637 Zeit
2330 2585 2505 2638 seines
2558 2586 2772 2640 Lebens
2826 2603 2931 2640 zur

1746 2673 1905 2727 Seite.
1946 2705 2012 2712 -
2064 2673 2259 2742 quid?]
2300 2691 2455 2740 „nun
2492 2675 2750 2728 femer!“
2800 2676 2928 2729 eine

1746 2762 2045 2815 rhetorisch
2065 2793 2088 2802 -
2108 2762 2343 2816 lebhafte
2448 2753 2929 2832 Ubergangsform,

1746 2850 1912 2903 durch
1950 2850 2153 2904 welche
2192 2852 2286 2904 auf
2321 2851 2405 2904 die
2443 2852 2793 2921 Wichtigkei‘c
2828 2854 2933 2906 des

1745 2957 1852 2993 neu
1907 2939 2349 2994 hinzutretenden
2406 2941 2670 2995 Moments
2734 2942 2931 3010 hinge-

1746 3029 1941 3083 wiesen
1991 3030 2139 3082 wird.
2196 3062 2263 3068 —
2320 3031 2701 3084 calamitatum
2754 3032 2931 3084 socie-

1746 3121 1896 3188 tates]
1937 3118 2047 3172 Der
2078 3118 2257 3172 Plural
2296 3136 2480 3187 wegen
2516 3120 2614 3172 der
2648 3120 2933 3174 verschie-

1746 3207 1920 3260 denen
1958 3207 2104 3260 Fano
2143 3223 2248 3260 von
2288 3207 2633 3274 „Teilnahme
2680 3225 2766 3261 am
2806 3209 2933 3262 Un-

1746 3295 1974 3364 gliick“;
2024 3295 2127 3364 vgl.
2178 3299 2208 3364 ξ
2246 3299 2314 3352 23
2362 3297 2727 3350 dissensiones
2764 3303 2936 3366 atquc

1745 3385 2066 3438 discordiae.
2118 3417 2185 3424 -—
2235 3385 2310 3439 ad
2356 3403 2492 3454 quas
2540 3427 2595 3438 ..
2628 3427 2639 3438 .
2684 3387 2789 3454 qui
2836 3387 2934 3438 dc·

1744 3475 2023 3543 scendant]
2064 3474 2222 3543 „sich
2250 3474 2672 3528 herbeilassen“.
2703 3507 2769 3514 —
2806 3476 2934 3528 En-

1745 3562 1898 3631 nius]
1954 3579 1996 3616 s.
2054 3580 2120 3615 zu
2176 3566 2206 3633 ξ
2261 3566 2346 3619 22.
2430 3564 2529 3617 Die
2578 3563 2778 3632 Ellipse
2828 3565 2937 3616 des

1745 3653 1984 3705 Verbum
2020 3651 2195 3706 dicere
2224 3653 2298 3705 im
2327 3653 2632 3706 Nebensatz
2661 3653 2764 3706 wie
2792 3656 2823 3722 ξ
2858 3655 2935 3708 13

1746 3741 1845 3809 qui
1916 3742 2059 3794 idem
2130 3759 2351 3811 semper.
2462 3742 2579 3810 Vgl.
2652 3742 2937 3796 Walter

1746 3849 1797 3884 v.
1837 3831 1887 3884 d.
1927 3831 2373 3899 Vogelweide
2413 3831 2713 3899 „gewissen
2750 3831 2939 3883 friunt

1746 3920 1825 3974 sol
1852 3936 1977 3973 man
2006 3937 2065 3973 ze
2093 3920 2188 3973 not
2214 3919 2500 3974 ersehen“.
2532 3952 2598 3958 —
2636 3921 2767 3974 haec
2792 3919 2933 3987 duo]

1748 4008 1935 4075 „diese
1997 4008 2189 4062 beiden
2250 4007 2501 4062 Falle“.
2566 4040 2633 4047 —
2688 4013 2933 4061 contem·

1744 4104 1886 4152 nunt
1923 4139 1934 4150 .
1970 4139 1981 4151 .
2018 4139 2029 4150 .
2066 4099 2335 4166 deserunt]
2374 4097 2519 4166 Fiige
2564 4098 2657 4151 das
2694 4097 2770 4149 im
2804 4097 2931 4150 Lat.

1747 4187 1825 4241 als
1850 4186 2379 4240 selbstverstandlich
2405 4185 2792 4254 fortgelassene
2814 4184 2932 4239 Ob-

1743 4276 1857 4346 jekt
1892 4275 2077 4329 hinzu!
2128 4309 2195 4315 —
2246 4277 2311 4329 in
2348 4275 2504 4328 bonis
2540 4275 2695 4328 rebus
2736 4315 2747 4328 .
2771 4315 2782 4327 .
2805 4315 2817 4328 .
2861 4273 2933 4325 in
