3175 4825
1409 342 1454 379 c.
1493 327 1544 381 5.
2639 326 2715 386 23

243 504 438 549 nemo
495 488 596 551 est
650 489 1058 563 consecutuS,
1117 506 1231 551 nos
1280 489 1498 552 autem
1545 506 1649 565 ea,
1712 507 1873 569 quae
1933 492 2085 553 sunt
2143 490 2208 553 in
2268 509 2392 554 usu
2450 492 2707 571 vitaque

241 593 590 670 communi,
636 612 763 658 non
811 612 903 670 ea,
951 612 1113 675 quae
1159 593 1492 675 finguntur
1538 597 1653 658 aut
1699 597 2019 678 optantur,
2066 599 2353 679 spectare
2386 596 2709 661 debemus,

251 698 624 780 Numquam
671 718 785 781 ego
833 700 1040 765 dicam
1087 699 1155 765 C.
1186 700 1566 777 Fabricium,
1612 702 1721 765 M’.
1768 700 2052 779 Curium,
2098 703 2188 765 Ti.
2220 702 2708 780 Coruncanium,

242 823 412 886 quos
445 806 764 888 sapientes
796 808 1002 871 nostri
1031 808 1304 873 maiores
1335 807 1723 885 iudicabant,
1770 808 1850 871 ad
1886 809 2158 874 istorum
2188 828 2480 874 normam
2511 809 2707 921 fuisse

241 912 592 995 sapientes.
683 912 896 991 Quare
943 914 1061 979 sibi
1107 914 1387 978 habeant
1433 914 1783 997 sapientiae
1828 934 2061 979 nomen
2108 918 2173 979 et
2217 916 2596 980 invidiosum
2643 918 2709 981 et

239 1018 624 1085 obscurum:
674 1020 1039 1097 concedant,
1085 1023 1161 1085 ut
1206 1021 1323 1085 viri
1368 1021 1515 1085 boni
1561 1020 1817 1086 fuerint.
1884 1022 1981 1087 Ne
2027 1022 2091 1086 id
2140 1022 2397 1103 quidem
2441 1020 2707 1088 facient:

244 1126 580 1206 negabunt
624 1126 688 1190 id
735 1128 860 1191 nisi
905 1128 1176 1211 sapienti
1205 1146 1390 1211 posse
1423 1128 1697 1193 concedi.
1773 1132 2060 1209 Agamus
2106 1130 2305 1211 igitur
2349 1130 2588 1213 pingui,
2638 1132 2799 1194 0111

241 1231 452 1307 aiunt,
497 1232 802 1297 Minerva.
877 1233 1000 1312 Qui
1047 1235 1140 1299 ita
1186 1254 1254 1299 se
1301 1239 1549 1316 gerunt,
1597 1235 1690 1298 ita
1736 1235 1975 1308 vivunt,
2023 1237 2097 1299 ut
2142 1254 2363 1301 eorum
2409 1236 2711 1319 probetur

245 1338 427 1415 fides,
471 1340 827 1421 integritaS,
875 1342 1183 1423 aequitas,
1227 1341 1599 1418 liberalitas,
1642 1360 1761 1406 nec
1800 1343 1981 1406 sitin
2012 1343 2089 1407 iis
2122 1343 2453 1426 cupiditas,
2500 1344 2710 1419 libido,

240 1445 543 1523 audacia,
591 1448 847 1529 sintque
893 1466 1130 1530 magna
1177 1449 1563 1525 constantia,
1618 1451 1695 1512 ut
1739 1450 1785 1511 ii
1830 1448 2117 1526 fuerunt,
2162 1450 2347 1514 modo
2397 1469 2555 1531 quos
2600 1470 2713 1515 no-

253 1552 521 1631 minavi,
566 1553 682 1618 hos
731 1554 950 1619 viros
1000 1556 1274 1632 bonoS‚
1332 1557 1406 1619 ut
1449 1555 1653 1620 habiti
1698 1557 1877 1631 sunt,
1924 1556 2015 1620 sic
2061 1556 2257 1619 etiam
2305 1556 2711 1639 appellandos

251 1661 588 1741 putemus,
653 1662 803 1743 quia
865 1664 1250 1744 sequantur,
1320 1664 1635 1743 quantum
1700 1662 1985 1727 homines
2049 1667 2320 1745 possunt
2335 1694 2361 1740 ,·
2414 1665 2713 1728 naturam

248 1766 565 1849 optimam
622 1767 782 1831 bene
843 1768 1095 1833 vivendi
1148 1769 1392 1833 ducem.
1486 1768 1591 1834 Sic
1650 1769 1818 1833 enim
1878 1769 2035 1832 mihi
2080 1768 2434 1853 perspicere
2481 1770 2713 1847 videor,

255 1968 323 1987 ==
363 1942 622 1996 homines.
681 1972 749 1982 ——
803 1949 932 1997 sunt
986 1944 1072 2013 in]
1131 1970 1195 1989 =
1245 1944 1432 2013 posita
1539 1943 1911 2013 ‚,mifsliebig“
1940 1944 2011 1999 ist
2034 1945 2127 1998 das
2146 1945 2375 1999 stoische
2396 1945 2713 1999 Weisheits-

243 2036 385 2085 sunt
420 2032 500 2084 in.
551 2063 620 2071 —
669 2032 734 2085 in
778 2050 884 2086 usu
920 2034 1082 2102 υἱέας.
1121 2034 1428 2103 communi]
1538 2032 1695 2097 ideal,
1735 2032 1856 2086 weil
1892 2050 1950 2087 es
1988 2051 2055 2087 zu
2092 2034 2229 2090 boch
2259 2037 2519 2103 gespannt
2552 2035 2624 2087 ist
2659 2052 2711 2088 0.

247 2122 316 2175 ἓν
353 2122 451 2175 διὰ
489 2124 664 2176 δυοῖν.
729 2122 812 2175 1111
849 2123 914 2175 D.
955 2123 1086 2175 wird
1123 2124 1216 2175 fiir
1251 2122 1431 2178 solche
1538 2138 1645 2175 von
1670 2112 2035 2191 Uberhebung
2062 2126 2233 2191 zeugt,
2264 2122 2557 2190 „unklar“,
2590 2123 2711 2177 weil

249 2226 323 2261 zu
381 2226 411 2263 0
425 2209 492 2261 in
507 2226 536 2263 0
551 2226 604 2261 111
660 2210 871 2279 Begriff
924 2211 1040 2265 sich
1102 2214 1430 2281 erganzende
1540 2227 1599 2265 es
1618 2210 1705 2264 ein
1725 2210 2219 2280 Phantasiegebilde
2239 2212 2323 2265 ist.
2341 2243 2407 2251 -
2424 2213 2714 2265 concedant

253 2298 392 2351 zwei
439 2298 782 2352 Substantiva
829 2301 951 2367 (wie
1001 2300 1120 2354 hier
1169 2302 1296 2366 „die
1332 2302 1430 2354 Er·
1537 2300 1618 2367 ut]
1656 2298 1761 2367 vgl.
1802 2316 1869 2352 zu
1905 2302 1935 2368 ἓ
1975 2302 2043 2355 14
2076 2300 2171 2352 siu
2205 2300 2309 2353 illa
2344 2300 2557 2353 veriora
2592 2306 2667 2354 ut.

245 2386 503 2456 iahrung,
533 2387 722 2442 Praxis
745 2388 844 2442 des
871 2389 1130 2458 gewohnl.
1157 2390 1430 2459 Lebens“)
1622 2401 1696 2442 19.
1728 2388 1938 2458 pinqui
2097 2388 2369 2458 Minerva]
2410 2415 2474 2433 =
2507 2388 2717 2458 pinqui

243 2476 343 2530 die
381 2477 728 2546 Verbindung
775 2479 870 2532 des
907 2479 1082 2533 Subst.
1123 2480 1221 2533 mit
1256 2480 1432 2533 einem
1537 2477 1784 2546 inqeni0‚
1852 2479 1971 2532 eine
2035 2479 2207 2532 durch
2269 2485 2367 2532 aut
2419 2479 2583 2532 aiunt
2637 2478 2715 2533 als

252 2565 590 2634 abhangigen
627 2567 756 2620 Gen.
795 2568 926 2620 oder
964 2568 1062 2620 mit
1098 2567 1274 2622 einem
1311 2569 1430 2636 Adj.
1539 2567 1887 2636 sprichwortl.
1954 2567 2296 2622 bezeichnete
2360 2568 2713 2636 Metonymie:

247 2659 325 2723 (z.
364 2653 426 2708 B.
465 2657 495 2723 ξ
531 2657 601 2710 86
638 2673 824 2709 rerum
871 2656 1108 2724 aoy-nitio
1155 2657 1431 2710 doctriua·
1542 2672 1645 2722 „so
1666 2673 1732 2709 zu
1750 2673 1929 2724 sagen,
1960 2657 2058 2709 mit
2077 2657 2374 2725 gemeinem
2395 2657 2714 2711 Menschen·

245 2761 358 2812 que
438 2743 984 2809 „wissenschaftliche
1059 2745 1430 2814 Forschung“)
1542 2746 1884 2799 verstande“.
1926 2777 1993 2786 —
2043 2747 2310 2816 aequitas]
2351 2745 2715 2814 „Billigkeits-

249 2832 502 2901 gewahlt.
560 2864 626 2872 —
682 2851 746 2887 ea
799 2851 937 2902 quae
993 2835 1283 2902 ftnquutur
1335 2840 1432 2888 aut
1539 2834 1844 2902 gefiihl“,
1895 2835 2001 2903 vgl.
2054 2853 2120 2888 zu
2165 2838 2195 2905 ξ
2239 2840 2263 2890 1
2303 2835 2538 2888 iustitia.
2614 2835 2713 2888 Die

244 2924 532 2991 optantur]
572 2922 783 2988 „hlotse
817 2923 1310 2992 Phantasiegebilde
1348 2925 1429 2977 od.
1541 2924 1657 2977 vier
1682 2924 2039 2992 angefiihrten
2056 2924 2341 2992 Tugenden
2360 2923 2525 2978 fallen
2552 2927 2716 2978 samt-

243 3011 485 3064 iromme
523 3011 862 3066 Wiinsche“.
913 3045 981 3053 —
1041 3013 1095 3068 Ο.
1133 3013 1432 3066 Fabricius
1540 3011 1649 3066 11011
1698 3015 1859 3065 011101
1911 3013 2015 3066 den
2064 3013 2275 3080 Begriff
2327 3013 2426 3066 der
2477 3013 2712 3079 iustitia,

251 3099 534 3152 Luscinus
581 3117 631 3152 0.
671 3101 754 3152 Μ’
790 3101 998 3154 Ourius
1035 3101 1299 3155 Dentatus
1337 3117 1432 3155 aus
1541 3118 1655 3168 „ex
1681 3118 1787 3170 qua
1812 3118 1921 3154 una
1938 3101 2137 3155 virtute
2164 3101 2267 3154 viri
2294 3101 2417 3156 boni
2444 3101 2714 3170 appellau-

243 3189 379 3241 ‹lem
416 3188 612 3256 Kriege
649 3188 748 3242 mit
774 3189 1015 3258 Pyrrhus
1052 3190 1299 3258 bekannt,
1336 3191 1434 3244 der
1539 3194 1671 3243 101·ιι
1709 3191 1795 3260 (de
1824 3192 1920 3244 ofl.
1948 3191 2022 3257 II,
2067 3194 2146 3257 11,
2184 3191 2291 3258 38).
2320 3221 2387 3229 —
2414 3191 2714 3260 cupiditas]

245 3279 462 3330 ›erstere
507 3278 672 3331 durch
711 3279 1239 3333 Unbestechlichkeit
1252 3321 1266 3347 ,
1315 3281 1430 3334 Un-
1541 3279 2073 3349 „Begehrlichkeit“.
2128 3311 2194 3319 —
2244 3285 2305 3332 ut
2352 3279 2531 3333 habiti
2562 3282 2711 3348 sunt]

245 3364 726 3419 erschrockenheit
752 3385 803 3420 u.
824 3368 1090 3435 Edelmut,
1119 3369 1216 3421 der
1244 3369 1431 3422 zweite
1541 3368 1679 3435 „wie
1716 3368 1793 3422 sie
1829 3369 2037 3422 dafiir
2082 3368 2325 3438 gegolten
2373 3368 2606 3421 haben“.
2646 3400 2715 3408 -—

243 3454 426 3512 durch
476 3454 1015 3524 Uneigenniitzigkeit
1070 3474 1121 3510 0.
1178 3456 1431 3510 Einfach-
1539 3457 1623 3510 sic
1668 3458 1855 3526 etiam]
1903 3457 2143 3511 Niemals
2192 3457 2323 3510 wird
2372 3473 2430 3510 so
2483 3456 2567 3511 bei
2605 3455 2714 3513 Cic.

249 3543 372 3598 heit
441 3545 540 3596 der
610 3543 782 3599 Sitten
863 3545 1285 3614 ausgezeichnet.
1363 3577 1430 3585 —-
1539 3546 1624 3599 ita
1658 3546 1827 3600 etiam
1841 3587 1853 3608 ,
1904 3547 1988 3600 ita
2032 3563 2236 3615 quoque
2284 3545 2605 3615 gebraucht!
2647 3578 2714 3586 -

263 3633 340 3686 Ti.
379 3632 811 3703 Coruncanium]
835 3633 1174 3703 gleichzeitig
1200 3635 1299 3687 mit
1325 3635 1431 3688 den
1539 3635 1888 3704 appellandos
1943 3637 2217 3704 putemus]
2285 3636 2423 3702 „des
2478 3634 2716 3689 Namens

247 3722 492 3791 «vorigen,
533 3739 642 3776 war
669 3723 772 3776 der
805 3725 948 3777 erste
974 3724 1226 3778 Pontifex
1261 3723 1431 3778 maxi·
1540 3726 1635 3778 fiir
1671 3741 1717 3776 w
1734 3741 1763 3778 0
1778 3727 1843 3777 11
1877 3724 2146 3778 erachten.
2199 3756 2267 3763 —
2316 3724 2452 3792 quia
2486 3741 2715 3792 sequan-

249 3827 378 3865 mus
428 3827 524 3866 aus
573 3812 668 3866 der
704 3812 864 3866 Plebs
902 3829 954 3866 0.
993 3813 1203 3867 01101110
1253 3816 1433 3867 zuerst
1540 3815 1651 3882 tur]
1692 3813 1811 3882 Vgl.
1853 3830 1919 3866 zu
1954 3816 1985 3882 ἓ
2019 3815 2087 3870 15
2124 3813 2259 3882 quia
2293 3813 2541 3866 vixerim.
2606 3812 2720 3866 Der

252 3899 1436 3970 Rechisbeschetideanjedermann.-vwstri
1541 3901 1790 3970 folgende
1828 3901 1951 3956 Satz
1987 3902 2316 3956 umschreibt
2351 3918 2456 3954 nur
2491 3901 2579 3954 ein
2606 3902 2717 3956 Ad-

245 3990 514 4058 maiores]
550 3990 628 4042 im
661 3991 781 4059 Ggs.
821 4009 889 4044 zu
924 3991 1029 4045 den
1065 3992 1262 4060 griech.
1293 3991 1431 4046 Stoi·
1543 3991 1673 4045 verb
1690 4031 1703 4057 ,
1760 3991 1951 4044 darum
2005 3992 2103 4045 der
2155 3990 2437 4045 Indikativ.
2504 4021 2571 4030 --
2634 3990 2718 4044 sic

254 4081 404 4132 kern.
443 4111 511 4119 —
549 4080 624 4134 ad
656 4080 807 4134 «boor.
846 4083 1121 4150 normam]
1160 4081 1228 4136 So
1264 4083 1434 4135 nennt
1540 4080 1693 4134 eui-m
1718 4079 1867 4133 mihi
1884 4097 2065 4148 persp.
2092 4080 2293 4149 videor]
2323 4080 2515 4134 Indem
2539 4079 2719 4133 Lfflius

253 4169 434 4224 Horaz
463 4168 672 4236 Sat.11,
710 4173 762 4238 2,
799 4173 835 4226 3
873 4170 1032 4224 einen
1067 4169 1216 4224 1110111
1252 4169 1432 4223 schul-
1542 4186 1649 4224 von
1704 4169 1827 4223 dem
1896 4169 2347 4238 naturgemal'
2356 4184 2479 4222 sen
2534 4168 2719 4224 Leben

242 4256 548 4327 :geraehten
602 4258 960 4327 Philosophen
1009 4259 1292 4314 abnormis
1341 4276 1433 4311 sa·
1541 4259 1639 4312 der
1686 4257 1802 4312 viri
1846 4257 1978 4312 boui
2023 4257 2253 4326 spricht‚
2320 4255 2559 4310 schwebt
2607 4255 2721 4308 ihm

239 4347 428 4417 piens.
497 4377 563 4386 --
629 4347 963 4402 invidiosum
1016 4353 1066 4402 et
1125 4348 1432 4417 obscurum]
1543 4347 1681 4401 noch
1746 4347 1843 4400 der
1906 4347 1961 4400 in
2014 4349 2045 4416 ἓ
2104 4349 2170 4402 18
2227 4343 2721 4413 voraufgeschiekte
