3175 4825
479 278 552 339 44
1265 279 1534 335 Ciceronis
1572 279 1787 333 Laelius
1822 280 1888 331 de
1926 278 2155 332 amicitia

481 444 611 506 iam
676 442 886 506 videor
944 443 1247 525 populum
1309 461 1346 505 a
1411 445 1639 506 senatu
1699 442 2117 518 disiunctum,
2178 441 2610 506 multitudinis
2677 443 2942 507 arbitrio

482 568 584 645 res
645 549 952 613 maximas
1015 550 1134 631 agi.
1227 549 1450 613 Plures
1512 549 1683 614 enim
1744 548 2018 624 discent,
2078 567 2268 629 quem
2324 548 2401 613 ad
2466 550 2725 613 modum
2782 552 2943 615 haec

390 677 461 719 42
481 656 670 732 fiant,
740 675 934 737 quam
1005 675 1196 737 quem
1267 655 1348 720 ad
1415 656 1680 720 modum
1748 655 1825 719 iis
1892 656 2247 719 resistatur.
2340 653 2662 733 Quorsum
2730 657 2942 722 haec?

484 762 649 841 Quia
717 763 852 826 sine
922 763 1106 828 sociis
1173 782 1362 827 nemo
1429 764 1772 844 quicquam
1837 763 1968 826 tale
2028 765 2308 827 conatur.
2413 762 2944 845 Praecipiendum

484 872 585 934 est
630 869 827 951 igitur
874 870 1080 946 bonis,
1136 872 1238 944 ut,
1299 870 1354 933 si
1398 869 1466 934 in
1513 870 1651 933 eius
1698 868 1868 933 modi
1914 869 2227 933 amicitias
2272 870 2480 951 ignari
2526 888 2680 934 casu
2729 871 2944 951 aliquo

481 976 849 1053 inciderint,
895 996 975 1040 ne
1025 976 1391 1041 existiment
1433 977 1527 1039 ita
1573 994 1641 1041 se
1690 976 2034 1058 adligatos,
2080 980 2155 1039 ut
2202 977 2281 1039 ab
2328 976 2547 1040 amicis
2592 978 2660 1042 in
2706 996 2945 1059 magna

485 1084 702 1165 aliqua
747 1102 816 1147 re
862 1083 1272 1167 peccantibus
1318 1102 1444 1147 non
1491 1083 1853 1158 discedant;
1912 1082 2213 1166 improbis
2274 1085 2491 1147 autem
2550 1102 2752 1165 poena
2813 1087 2947 1148 sta-

484 1190 726 1255 tuenda
773 1193 904 1265 est,
962 1208 1081 1254 nec
1126 1209 1273 1254 vero
1319 1190 1527 1254 minor
1571 1190 1680 1267 iis,
1740 1190 1848 1271 qui
1896 1190 2098 1254 secuti
2144 1192 2333 1254 erunt
2379 1191 2685 1267 alterum,
2747 1210 2945 1273 quam

484 1298 596 1375 iis,
657 1298 768 1378 qui
825 1297 948 1379 ipsi
1006 1296 1246 1361 fuerint
1304 1297 1653 1379 impietatis
1722 1296 1932 1361 duces.
2038 1295 2197 1374 Quis
2258 1296 2486 1361 clarior
2542 1297 2609 1360 in
2676 1296 2946 1363 Graecia

485 1404 927 1481 Themistocle,
976 1404 1117 1485 quis
1164 1404 1527 1486 potentior?
1575 1402 1687 1485 qui
1734 1422 1880 1467 cum
1925 1404 2269 1487 imperator
2314 1404 2479 1467 bello
2510 1403 2765 1468 Persico
2814 1423 2946 1469 ser-

486 1512 691 1576 vitute
741 1510 1076 1577 Graeciam
1122 1511 1524 1577 liberavisset
1567 1511 1951 1593 propterque
2005 1510 2309 1574 invidiam
2362 1512 2429 1573 in
2486 1511 2779 1575 exsilium
2842 1530 2947 1575 ex-

487 1619 710 1702 pulsus
759 1621 956 1693 esset,
1011 1618 1298 1699 ingratae
1347 1617 1588 1700 patriae
1634 1617 1930 1681 iniuriam
1976 1635 2103 1681 non
2149 1617 2328 1694 tulit,
2386 1636 2581 1699 quam
2625 1617 2792 1682 ferre
2839 1619 2948 1683 de-

491 1726 663 1789 buit:
710 1724 860 1789 fecit
904 1723 1092 1800 idem,
1139 1723 1303 1805 quod
1351 1744 1446 1787 xx
1492 1724 1677 1788 annis
1725 1726 1872 1788 ante
1921 1723 2092 1807 apud
2135 1743 2250 1787 nos
2288 1724 2525 1788 fecerat
2556 1724 2949 1790 Coriolanus.

493 1831 611 1895 His
677 1831 928 1894 adiutor
986 1832 1206 1894 contra
1261 1832 1538 1914 patriam
1596 1832 1895 1895 inventus
1955 1834 2055 1895 est
2116 1850 2337 1903 nemo;
2398 1832 2615 1913 itaque
2674 1834 2949 1897 mortem

399 1957 470 1999 4³
495 1938 614 2002 sibi
674 1940 944 2019 uterque
1009 1938 1330 2002 conscivit.
1434 1936 1647 2016 Quare
1709 1938 1859 2002 talis
1925 1938 2359 2020 improborum
2428 1939 2755 2003 consensio
2823 1958 2950 2003 non

493 2045 678 2109 modo
727 2045 1129 2108 excusatione
1179 2044 1495 2109 amicitiae
1542 2044 1817 2126 tegenda
1861 2063 1988 2109 non
2035 2048 2163 2122 est,
2223 2044 2334 2109 sed
2380 2046 2594 2127 potius
2640 2046 2950 2129 supplicio

495 2151 665 2215 omni
724 2150 1102 2216 vindicanda
1162 2155 1291 2228 est,
1348 2156 1421 2215 ut
1480 2170 1560 2215 ne
1624 2150 1767 2233 quis
1828 2170 2197 2215 concessum
2262 2153 2448 2235 putet
2510 2152 2791 2216 amicum
2853 2153 2953 2216 vel

494 2258 733 2322 bellum
780 2258 1024 2339 patriae
1070 2257 1451 2323 inferentem
1499 2259 1713 2340 sequi3
1776 2259 1943 2339 quod
1992 2258 2274 2339 quidem,
2323 2263 2397 2322 ut
2440 2276 2543 2323 res
2588 2259 2679 2323 ire
2728 2260 2953 2341 coepit,

494 2436 737 2505 gewiihlt.
789 2467 857 2475 —
906 2434 1084 2488 videre
1129 2434 1331 2504 videor]
1384 2450 1457 2488 sc.
1507 2434 1667 2501 mihi,

495 2523 964 2579 veranschaulicht
1026 2523 1198 2577 zumal
1277 2523 1415 2577 nach
1477 2523 1672 2578 videtis

1779 2433 2179 2503 vergessenheit
2227 2435 2421 2488 ebenso
2460 2434 2599 2488 wohl
2647 2452 2821 2504 gegen
2860 2436 2954 2490 das

1777 2523 2071 2577 Vaterland
2099 2521 2199 2576 wie
2227 2539 2397 2592 gegen
2424 2523 2549 2577 Gott
2572 2541 2625 2576 u.
2654 2523 2859 2578 Eltern.
2886 2556 2954 2563 --

1779 2613 1981 2681 itaque]
2029 2612 2181 2679 „und
2231 2627 2289 2666 so
2333 2613 2477 2681 (kam
2513 2629 2597 2680 ea,
2646 2613 2847 2682 dass)“.
2886 2645 2954 2652 —

1778 2706 2004 2755 mortem
2042 2742 2053 2754 .
2078 2743 2089 2754 .
2114 2743 2125 2754 .
2164 2701 2444 2770 conscivit]
2480 2701 2595 2755 Der
2625 2701 2956 2756 Selbstmord

1780 2791 1877 2844 des
1904 2790 2063 2844 einen
2089 2789 2191 2844 wie
2218 2791 2313 2844 des
2341 2791 2543 2844 andern
2571 2790 2643 2844 ist
2668 2790 2955 2860 legenden·

1780 2879 1901 2932 hait
1933 2895 1986 2932 u.
2015 2878 2157 2932 wohl
2196 2896 2263 2932 zu
2297 2879 2422 2933 dem
2449 2878 2639 2933 Zweck
2676 2880 2957 2946 erfunden,

1781 2983 1875 3020 um
1924 2968 2049 3021 dem
2097 2967 2269 3021 durch
2316 2968 2420 3021 den
2456 2967 2961 3022 Vaterlandsverrat

1782 3072 1841 3110 so
1876 3056 2333 3125 hervorragender
2366 3056 2592 3111 Manner
2638 3056 2959 3126 beleidigten

1783 3145 2221 3214 Nationalgefiihl
2258 3146 2477 3214 Geniige
2515 3163 2583 3199 zu
2619 3146 2771 3199 thun.

1855 3247 1883 3288 4
1896 3249 1941 3290 s.
2014 3235 2356 3289 musatimoe
2417 3234 2723 3304 amicitiae]
2788 3235 2963 3303 „Ent-

1784 3323 2139 3394 schuldigung
2173 3323 2273 3377 mit
2308 3365 2321 3378 .
2346 3365 2357 3377 .
2380 3327 2446 3377 .“.
2498 3356 2567 3364 -
2618 3325 2841 3393 tcyenda
2877 3366 2890 3378 .
2914 3366 2961 3378 ..

1783 3413 2139 3484 vindicamda]
2196 3431 2307 3481 „zu
2365 3414 2671 3468 bemanteln
2730 3455 2742 3466 .
2777 3455 2790 3467 .
2827 3455 2838 3467 .
2897 3432 2965 3468 zu

1787 3503 1998 3557 ahnden
2012 3505 2059 3555 “.
2144 3502 2417 3572 supplicio
2465 3502 2625 3557 omni
2670 3502 2818 3571 „mit
2867 3504 2968 3558 der

1786 3591 2152 3647 hartesten
2201 3591 2453 3660 Strafe“;
2509 3607 2569 3646 so
2620 3591 2799 3646 findet
2850 3592 2968 3646 sich

1788 3681 1970 3735 omnis
2008 3680 2295 3736 besonders
2338 3682 2420 3735 oft
2454 3681 2541 3734 bei
2578 3680 2695 3736 Cas,
2733 3681 2792 3735 in
2827 3681 2966 3735 Ver-

495 2613 570 2666 im
598 2628 709 2667 vor.
739 2611 895 2666 Satze
923 2611 1076 2665 recht
1103 2612 1425 2681 augenfallig
1451 2612 1538 2666 die
1565 2628 1672 2666 von

492 2702 602 2756 den
636 2701 996 2756 Demokraten
1037 2701 1308 2754 drohende
1347 2701 1562 2754 Gefahr.
1603 2733 1671 2741 —-

495 2790 895 2859 multitudinis]
915 2789 1244 2859 steigerndes
1258 2791 1584 2858 Asyndeton.
1603 2822 1672 2830 -—

430 2865 434 2870 ⁴
491 2880 623 2950 aqi]
675 2879 1063 2947 „entschieden
1099 2879 1316 2934 werden
1327 2882 1376 2932 “.
1415 2910 1484 2919 —
1520 2880 1672 2948 haec]

495 2969 550 3023 d.
588 2969 641 3022 h.
679 2967 1172 3038 staatsgefiihrliche
1209 2968 1589 3038 Neuerungen.

574 3070 658 3114 ⁴2.
705 3057 976 3123 Quorsum
1011 3057 1200 3128 Ῐιαωὲ]
1239 3074 1314 3113 sc.
1343 3059 1575 3128 disputo.
1606 3089 1673 3098 —

494 3147 677 3217 bonis]
719 3173 783 3192 =
822 3147 979 3202 bonis
1004 3147 1146 3202 viris
1172 3148 1274 3202 wie
1300 3147 1541 3202 nachher
1565 3147 1675 3201 im-

487 3237 686 3307 probis
733 3253 839 3290 von
888 3235 1196 3304 politischer
1243 3237 1566 3305 Gesinnung.
1607 3268 1675 3276 —

501 3331 563 3380 ut
619 3367 630 3378 .
665 3367 677 3378 .
712 3367 723 3378 .
779 3327 866 3395 ne]
923 3325 1072 3379 dient
1125 3341 1224 3378 zur
1276 3325 1679 3379 bestimmteren

503 3414 876 3483 Kundgebung
922 3413 1016 3468 des
1051 3411 1310 3482 Willens,
1357 3415 1548 3469 darum
1583 3413 1677 3470 be-

497 3504 725 3557 -sonders
743 3501 831 3556 bei
848 3501 1221 3556 Vorschriften
1240 3520 1293 3557 u.
1315 3504 1591 3558 Gesetzen.
1610 3536 1677 3543 --

499 3591 574 3645 *iu
617 3608 826 3661 mayna
860 3592 935 3645 al.
984 3609 1042 3645 rc
1070 3593 1237 3662 pecc]
1274 3591 1511 3661 gemeint
1559 3592 1679 3647 sind

500 3680 1028 3736 Staatsverbmchen.
1085 3681 1297 3750 Wegen
1322 3681 1391 3734 in
1415 3681 1520 3750 vgl.
1550 3684 1582 3752 ξ
1608 3683 1678 3736 41

501 3770 574 3824 in
621 3769 831 3824 tabella.
881 3801 949 3810 -—-
995 3786 1095 3824 uec
1141 3771 1282 3840 vero]
1333 3770 1472 3824 ohne
1519 3771 1681 3839 jeden

502 3858 878 3914 adversativen
915 3858 1048 3913 Sinn
1094 3875 1190 3927 ‚,n.
1230 3875 1326 3914 zw.
1363 3859 1571 3914 nicht“.
1612 3892 1681 3901 -—

501 3947 680 4002 sectati
711 3949 889 4017 erunt]
938 3948 1048 4002 Das
1095 3948 1267 4003 Futur
1312 3949 1370 4003 Π
1415 3951 1546 4003 stati:
1587 3950 1684 4004 des

502 4035 805 4091 deutschen
841 4036 1074 4092 Prasens
1111 4053 1296 4106 wegen
1333 4038 1431 4092 des
1467 4037 1543 4092 im
1578 4038 1684 4092 Ge-

510 4124 703 4180 rundiv
775 4124 1057 4194 liegenden
1129 4125 1539 4195 Futurbegrifls.
1615 4158 1684 4167 —

503 4213 720 4282 fuerint
753 4214 888 4284 imp.
926 4215 1107 4284 dames]
1146 4214 1289 4285 „mit
1316 4256 1328 4268 .
1352 4255 1364 4268 .
1387 4256 1400 4268 .
1429 4231 1685 4270 voran-

504 4303 794 4372 gehen“.
885 4301 1144 4374 impietas
1197 4302 1268 4357 ist
1320 4302 1406 4357 die
1455 4303 1685 4358 Pflicht-

1788 3769 2025 3838 bindung
2086 3770 2186 3823 mit
2236 3769 2602 3840 supplicium,
2668 3770 2967 3837 ammius,

1788 3859 2103 3928 wemplum.
2135 3891 2202 3899 —
2240 3860 2385 3928 quod
2406 3859 2709 3930 maidom]„
2720 3859 2810 3914 ein
2833 3859 2967 3926 Fau,

1790 3948 1936 4002 der.
2100 3980 2168 3988 -—
2204 3953 2267 4002 ut
2300 3966 2387 4002 res
2422 3948 2505 4002 ire
2540 3949 2734 4020 coepit]
2762 3949 2971 4003 danach

1792 4055 1860 4091 zu
1894 3988 2150 4106 urteilen,
2202 4037 2347 4105 „wie
2392 4053 2452 4092 es
2499 4037 2618 4092 sich
2654 4037 2839 4092 bisher
2870 4053 2971 4092 an·

1790 4126 2035 4196 gelassen
2068 4127 2221 4194 natu,
2258 4126 2366 4198 vgl.
2404 4127 2470 4182 ad
2506 4128 2616 4181 Att.
2658 4129 2745 4196 14,
2787 4128 2867 4191 15,
2906 4129 2969 4183 3:

1793 4214 2025 4286 „incipit
2077 4231 2165 4270 res
2219 4215 2415 4270 melius
2468 4215 2571 4282 ire,
2643 4232 2807 4286 quam
2868 4231 2970 4283 pu·

1791 4307 2023 4359 taram“.
2108 4323 2196 4359 res
2242 4305 2315 4359 ist
2367 4305 2487 4360 hier
2538 4304 2720 4374 gleich
2773 4304 2972 4359 bedeu-
