<?xml version="1.0" encoding="UTF-8"?>
<!DOCTYPE html PUBLIC "-//W3C//DTD XHTML 1.0 Transitional//EN"
    "http://www.w3.org/TR/xhtml1/DTD/xhtml1-transitional.dtd">
<html xmlns="http://www.w3.org/1999/xhtml" xml:lang="en" lang="en">
 <head>
  <title>
</title>
<meta http-equiv="Content-Type" content="text/html;charset=utf-8" />
  <meta name='ocr-system' content='tesseract 3.04.00' />
  <meta name='ocr-capabilities' content='ocr_page ocr_carea ocr_par ocr_line ocrx_word'/>
</head>
<body>
  <div class='ocr_page' id='page_1' title='image "./mtulliciceronis00stregoog_0076.png"; bbox 0 0 3175 4825; ppageno 0'>
   <div class='ocr_carea' id='block_1_1' title="bbox 291 607 382 738">
    <p class='ocr_par' dir='ltr' id='par_1_1' title="bbox 291 607 382 738">
     <span class='ocr_line' id='line_1_1' title="bbox 291 607 382 668; baseline 0 0"><span class='ocrx_word' id='word_1_1' title='bbox 291 607 382 668; x_wconf 72' lang='lat'>22</span> 
     </span>
     <span class='ocr_line' id='line_1_2' title="bbox 318 693 382 738; baseline -0.063 0"><span class='ocrx_word' id='word_1_2' title='bbox 318 693 382 738; x_wconf 78' lang='lat'>82</span> 
     </span>
    </p>
   </div>
   <div class='ocr_carea' id='block_1_2' title="bbox 398 243 2876 1769">
    <p class='ocr_par' dir='ltr' id='par_1_2' title="bbox 398 243 2867 578">
     <span class='ocr_line' id='line_1_3' title="bbox 398 243 2075 303; baseline -0.002 -3"><span class='ocrx_word' id='word_1_3' title='bbox 398 244 473 303; x_wconf 75' lang='lat'>68</span> <span class='ocrx_word' id='word_1_4' title='bbox 1183 243 1454 299; x_wconf 81' lang='lat' dir='ltr'>Ciceronis</span> <span class='ocrx_word' id='word_1_5' title='bbox 1489 244 1703 297; x_wconf 88' lang='lat' dir='ltr'>Laelius</span> <span class='ocrx_word' id='word_1_6' title='bbox 1739 245 1805 297; x_wconf 90' lang='lat' dir='ltr'>de</span> <span class='ocrx_word' id='word_1_7' title='bbox 1844 244 2075 297; x_wconf 78' lang='lat' dir='ltr'>amicitia</span> 
     </span>
     <span class='ocr_line' id='line_1_4' title="bbox 405 405 2867 489; baseline -0 -19"><span class='ocrx_word' id='word_1_8' title='bbox 405 408 616 489; x_wconf 82' lang='lat' dir='ltr'>quirit,</span> <span class='ocrx_word' id='word_1_9' title='bbox 663 408 844 471; x_wconf 87' lang='lat' dir='ltr'>cuius</span> <span class='ocrx_word' id='word_1_10' title='bbox 879 408 1162 471; x_wconf 88' lang='lat' dir='ltr'>animum</span> <span class='ocrx_word' id='word_1_11' title='bbox 1207 407 1304 471; x_wconf 91' lang='lat' dir='ltr'>ita</span> <span class='ocrx_word' id='word_1_12' title='bbox 1350 426 1496 471; x_wconf 89' lang='lat' dir='ltr'>cum</span> <span class='ocrx_word' id='word_1_13' title='bbox 1539 425 1653 470; x_wconf 90' lang='lat' dir='ltr'>suo</span> <span class='ocrx_word' id='word_1_14' title='bbox 1684 406 1968 483; x_wconf 86' lang='lat' dir='ltr'>misceat,</span> <span class='ocrx_word' id='word_1_15' title='bbox 2014 409 2088 470; x_wconf 91' lang='lat' dir='ltr'>ut</span> <span class='ocrx_word' id='word_1_16' title='bbox 2134 405 2366 470; x_wconf 82' lang='lat' dir='ltr'>efficiat</span> <span class='ocrx_word' id='word_1_17' title='bbox 2410 424 2609 489; x_wconf 86' lang='lat' dir='ltr'>paene</span> <span class='ocrx_word' id='word_1_18' title='bbox 2656 425 2867 469; x_wconf 87' lang='lat' dir='ltr'>unum</span> 
     </span>
     <span class='ocr_line' id='line_1_5' title="bbox 405 514 788 578; baseline -0.003 0"><span class='ocrx_word' id='word_1_19' title='bbox 405 533 480 578; x_wconf 84' lang='lat' dir='ltr'>ex</span> <span class='ocrx_word' id='word_1_20' title='bbox 525 514 788 578; x_wconf 74' lang='lat' dir='ltr'>duobus,</span> 
     </span>
    </p>

    <p class='ocr_par' dir='ltr' id='par_1_3' title="bbox 406 619 2876 1769">
     <span class='ocr_line' id='line_1_6' title="bbox 587 619 2865 704; baseline -0.001 -19"><span class='ocrx_word' id='word_1_21' title='bbox 587 620 711 685; x_wconf 85' lang='lat' dir='ltr'>Sed</span> <span class='ocrx_word' id='word_1_22' title='bbox 769 621 1054 704; x_wconf 83' lang='lat' dir='ltr'>plerique</span> <span class='ocrx_word' id='word_1_23' title='bbox 1111 639 1433 704; x_wconf 86' lang='lat' dir='ltr'>perverse,</span> <span class='ocrx_word' id='word_1_24' title='bbox 1489 639 1569 683; x_wconf 90' lang='lat' dir='ltr'>ne</span> <span class='ocrx_word' id='word_1_25' title='bbox 1629 620 1837 683; x_wconf 91' lang='lat' dir='ltr'>dicam</span> <span class='ocrx_word' id='word_1_26' title='bbox 1882 619 2312 703; x_wconf 85' lang='lat' dir='ltr'>impudenter,</span> <span class='ocrx_word' id='word_1_27' title='bbox 2371 620 2603 683; x_wconf 86' lang='lat' dir='ltr'>habere</span> <span class='ocrx_word' id='word_1_28' title='bbox 2662 620 2865 683; x_wconf 86' lang='lat' dir='ltr'>talem</span> 
     </span>
     <span class='ocr_line' id='line_1_7' title="bbox 407 726 2867 810; baseline -0.001 -19"><span class='ocrx_word' id='word_1_29' title='bbox 407 728 683 791; x_wconf 92' lang='lat' dir='ltr'>amicum</span> <span class='ocrx_word' id='word_1_30' title='bbox 729 728 977 803; x_wconf 84' lang='lat' dir='ltr'>volunt,</span> <span class='ocrx_word' id='word_1_31' title='bbox 1038 728 1259 808; x_wconf 89' lang='lat' dir='ltr'>quales</span> <span class='ocrx_word' id='word_1_32' title='bbox 1315 727 1435 810; x_wconf 91' lang='lat' dir='ltr'>ipsi</span> <span class='ocrx_word' id='word_1_33' title='bbox 1493 745 1631 791; x_wconf 84' lang='lat' dir='ltr'>esse</span> <span class='ocrx_word' id='word_1_34' title='bbox 1677 745 1805 790; x_wconf 90' lang='lat' dir='ltr'>non</span> <span class='ocrx_word' id='word_1_35' title='bbox 1850 730 2144 809; x_wconf 78' lang='lat' dir='ltr'><strong>possunt,</strong></span> <span class='ocrx_word' id='word_1_36' title='bbox 2204 745 2494 807; x_wconf 88' lang='lat' dir='ltr'>quaeque</span> <span class='ocrx_word' id='word_1_37' title='bbox 2552 726 2673 809; x_wconf 91' lang='lat' dir='ltr'>ipsi</span> <span class='ocrx_word' id='word_1_38' title='bbox 2730 745 2867 789; x_wconf 85' lang='lat' dir='ltr'>non</span> 
     </span>
     <span class='ocr_line' id='line_1_8' title="bbox 406 832 2867 915; baseline -0.001 -18"><span class='ocrx_word' id='word_1_39' title='bbox 406 834 697 898; x_wconf 83' lang='lat' dir='ltr'>tribuunt</span> <span class='ocrx_word' id='word_1_40' title='bbox 743 834 992 908; x_wconf 78' lang='lat' dir='ltr'>amiciS‚</span> <span class='ocrx_word' id='word_1_41' title='bbox 1049 834 1209 898; x_wconf 86' lang='lat' dir='ltr'>haec</span> <span class='ocrx_word' id='word_1_42' title='bbox 1266 835 1344 898; x_wconf 88' lang='lat' dir='ltr'>ab</span> <span class='ocrx_word' id='word_1_43' title='bbox 1404 834 1482 898; x_wconf 91' lang='lat' dir='ltr'>iis</span> <span class='ocrx_word' id='word_1_44' title='bbox 1531 833 1913 898; x_wconf 85' lang='lat' dir='ltr'>desiderant.</span> <span class='ocrx_word' id='word_1_45' title='bbox 2002 833 2129 897; x_wconf 87' lang='lat' dir='ltr'>Par</span> <span class='ocrx_word' id='word_1_46' title='bbox 2178 836 2276 896; x_wconf 86' lang='lat' dir='ltr'>est</span> <span class='ocrx_word' id='word_1_47' title='bbox 2322 835 2537 896; x_wconf 86' lang='lat' dir='ltr'>autem</span> <span class='ocrx_word' id='word_1_48' title='bbox 2582 832 2867 915; x_wconf 87' lang='lat' dir='ltr'>primum</span> 
     </span>
     <span class='ocr_line' id='line_1_9' title="bbox 407 939 2868 1024; baseline -0 -21"><span class='ocrx_word' id='word_1_49' title='bbox 407 941 617 1024; x_wconf 91' lang='lat' dir='ltr'>ipsum</span> <span class='ocrx_word' id='word_1_50' title='bbox 666 960 804 1005; x_wconf 88' lang='lat' dir='ltr'>esse</span> <span class='ocrx_word' id='word_1_51' title='bbox 853 941 1059 1005; x_wconf 86' lang='lat' dir='ltr'>virum</span> <span class='ocrx_word' id='word_1_52' title='bbox 1107 942 1361 1017; x_wconf 90' lang='lat' dir='ltr'>bonum,</span> <span class='ocrx_word' id='word_1_53' title='bbox 1408 944 1549 1004; x_wconf 82' lang='lat' dir='ltr'>tum</span> <span class='ocrx_word' id='word_1_54' title='bbox 1598 941 1873 1005; x_wconf 83' lang='lat' dir='ltr'>alterum</span> <span class='ocrx_word' id='word_1_55' title='bbox 1921 941 2194 1005; x_wconf 90' lang='lat' dir='ltr'>similem</span> <span class='ocrx_word' id='word_1_56' title='bbox 2241 940 2340 1003; x_wconf 91' lang='lat' dir='ltr'>sui</span> <span class='ocrx_word' id='word_1_57' title='bbox 2388 958 2707 1021; x_wconf 81' lang='lat' dir='ltr'>quaerere.</span> <span class='ocrx_word' id='word_1_58' title='bbox 2783 939 2868 1002; x_wconf 85' lang='lat' dir='ltr'>In</span> 
     </span>
     <span class='ocr_line' id='line_1_10' title="bbox 407 1046 2873 1129; baseline -0 -19"><span class='ocrx_word' id='word_1_59' title='bbox 407 1048 642 1111; x_wconf 86' lang='lat' dir='ltr'>talibus</span> <span class='ocrx_word' id='word_1_60' title='bbox 691 1067 791 1124; x_wconf 91' lang='lat' dir='ltr'>ea,</span> <span class='ocrx_word' id='word_1_61' title='bbox 839 1066 1035 1129; x_wconf 87' lang='lat' dir='ltr'>quam</span> <span class='ocrx_word' id='word_1_62' title='bbox 1080 1047 1210 1112; x_wconf 87' lang='lat' dir='ltr'>iam</span> <span class='ocrx_word' id='word_1_63' title='bbox 1255 1048 1499 1112; x_wconf 90' lang='lat' dir='ltr'>dudum</span> <span class='ocrx_word' id='word_1_64' title='bbox 1545 1049 1927 1124; x_wconf 78' lang='lat' dir='ltr'>tractamuS,</span> <span class='ocrx_word' id='word_1_65' title='bbox 1988 1047 2306 1111; x_wconf 87' lang='lat' dir='ltr'>stabilitas</span> <span class='ocrx_word' id='word_1_66' title='bbox 2354 1046 2669 1111; x_wconf 77' lang='lat' dir='ltr'>amicitiae</span> <span class='ocrx_word' id='word_1_67' title='bbox 2716 1065 2873 1110; x_wconf 89' lang='lat' dir='ltr'>con-</span> 
     </span>
     <span class='ocr_line' id='line_1_11' title="bbox 407 1152 2874 1238; baseline -0.001 -21"><span class='ocrx_word' id='word_1_68' title='bbox 407 1154 648 1218; x_wconf 87' lang='lat' dir='ltr'>firmari</span> <span class='ocrx_word' id='word_1_69' title='bbox 692 1156 920 1238; x_wconf 85' lang='lat' dir='ltr'>potest,</span> <span class='ocrx_word' id='word_1_70' title='bbox 968 1173 1114 1219; x_wconf 92' lang='lat' dir='ltr'>cum</span> <span class='ocrx_word' id='word_1_71' title='bbox 1143 1155 1432 1219; x_wconf 85' lang='lat' dir='ltr'>homines</span> <span class='ocrx_word' id='word_1_72' title='bbox 1465 1154 1905 1218; x_wconf 76' lang='lat' dir='ltr'>benevolentia</span> <span class='ocrx_word' id='word_1_73' title='bbox 1934 1154 2253 1218; x_wconf 88' lang='lat' dir='ltr'>coniuncti</span> <span class='ocrx_word' id='word_1_74' title='bbox 2298 1154 2579 1236; x_wconf 88' lang='lat' dir='ltr'>primum</span> <span class='ocrx_word' id='word_1_75' title='bbox 2624 1152 2874 1235; x_wconf 86' lang='lat' dir='ltr'>cupidi·</span> 
     </span>
     <span class='ocr_line' id='line_1_12' title="bbox 408 1259 2875 1344; baseline 0.001 -22"><span class='ocrx_word' id='word_1_76' title='bbox 408 1259 674 1337; x_wconf 78' lang='lat' dir='ltr'>tatibu8‚</span> <span class='ocrx_word' id='word_1_77' title='bbox 734 1260 811 1324; x_wconf 85' lang='lat' dir='ltr'>iis</span> <span class='ocrx_word' id='word_1_78' title='bbox 873 1262 1102 1342; x_wconf 90' lang='lat' dir='ltr'>quibus</span> <span class='ocrx_word' id='word_1_79' title='bbox 1165 1262 1357 1325; x_wconf 88' lang='lat' dir='ltr'>ceteri</span> <span class='ocrx_word' id='word_1_80' title='bbox 1405 1262 1717 1337; x_wconf 85' lang='lat' dir='ltr'>serviunt,</span> <span class='ocrx_word' id='word_1_81' title='bbox 1775 1262 2207 1344; x_wconf 85' lang='lat' dir='ltr'>imperabunt,</span> <span class='ocrx_word' id='word_1_82' title='bbox 2268 1260 2493 1325; x_wconf 91' lang='lat' dir='ltr'>deinde</span> <span class='ocrx_word' id='word_1_83' title='bbox 2541 1260 2875 1341; x_wconf 82' lang='lat' dir='ltr'>aequitate</span> 
     </span>
     <span class='ocr_line' id='line_1_13' title="bbox 408 1367 2874 1451; baseline 0 -22"><span class='ocrx_word' id='word_1_84' title='bbox 408 1367 780 1448; x_wconf 83' lang='lat' dir='ltr'>iustitiaque</span> <span class='ocrx_word' id='word_1_85' title='bbox 828 1367 1225 1450; x_wconf 82' lang='lat' dir='ltr'>gaudebunt,</span> <span class='ocrx_word' id='word_1_86' title='bbox 1273 1368 1610 1449; x_wconf 84' lang='lat' dir='ltr'>omniaque</span> <span class='ocrx_word' id='word_1_87' title='bbox 1660 1369 1821 1432; x_wconf 81' lang='lat' dir='ltr'>alter</span> <span class='ocrx_word' id='word_1_88' title='bbox 1868 1386 1978 1451; x_wconf 91' lang='lat' dir='ltr'>pro</span> <span class='ocrx_word' id='word_1_89' title='bbox 2026 1369 2224 1432; x_wconf 84' lang='lat' dir='ltr'>altero</span> <span class='ocrx_word' id='word_1_90' title='bbox 2272 1367 2600 1449; x_wconf 78' lang='lat' dir='ltr'>suscipiet,</span> <span class='ocrx_word' id='word_1_91' title='bbox 2656 1384 2874 1448; x_wconf 84' lang='lat' dir='ltr'>neque</span> 
     </span>
     <span class='ocr_line' id='line_1_14' title="bbox 411 1474 2876 1557; baseline -0 -20"><span class='ocrx_word' id='word_1_92' title='bbox 411 1474 756 1555; x_wconf 86' lang='lat' dir='ltr'>quicquam</span> <span class='ocrx_word' id='word_1_93' title='bbox 787 1493 1097 1556; x_wconf 89' lang='lat' dir='ltr'>umquam</span> <span class='ocrx_word' id='word_1_94' title='bbox 1129 1475 1252 1538; x_wconf 91' lang='lat' dir='ltr'>nisi</span> <span class='ocrx_word' id='word_1_95' title='bbox 1283 1475 1626 1539; x_wconf 89' lang='lat' dir='ltr'>honestum</span> <span class='ocrx_word' id='word_1_96' title='bbox 1674 1476 1739 1539; x_wconf 83' lang='lat' dir='ltr'>et</span> <span class='ocrx_word' id='word_1_97' title='bbox 1783 1477 2031 1540; x_wconf 90' lang='lat' dir='ltr'>rectum</span> <span class='ocrx_word' id='word_1_98' title='bbox 2080 1475 2243 1538; x_wconf 85' lang='lat' dir='ltr'>alter</span> <span class='ocrx_word' id='word_1_99' title='bbox 2288 1474 2367 1537; x_wconf 87' lang='lat' dir='ltr'>ab</span> <span class='ocrx_word' id='word_1_100' title='bbox 2415 1474 2613 1537; x_wconf 87' lang='lat' dir='ltr'>altero</span> <span class='ocrx_word' id='word_1_101' title='bbox 2644 1475 2876 1557; x_wconf 87' lang='lat' dir='ltr'>postu-</span> 
     </span>
     <span class='ocr_line' id='line_1_15' title="bbox 409 1581 2872 1663; baseline -0 -19"><span class='ocrx_word' id='word_1_102' title='bbox 409 1581 584 1657; x_wconf 83' lang='lat' dir='ltr'>labit,</span> <span class='ocrx_word' id='word_1_103' title='bbox 632 1600 838 1663; x_wconf 89' lang='lat' dir='ltr'>neque</span> <span class='ocrx_word' id='word_1_104' title='bbox 887 1582 1092 1645; x_wconf 85' lang='lat' dir='ltr'>solum</span> <span class='ocrx_word' id='word_1_105' title='bbox 1141 1582 1348 1645; x_wconf 89' lang='lat' dir='ltr'>colent</span> <span class='ocrx_word' id='word_1_106' title='bbox 1391 1582 1559 1646; x_wconf 88' lang='lat' dir='ltr'>inter</span> <span class='ocrx_word' id='word_1_107' title='bbox 1606 1600 1673 1645; x_wconf 89' lang='lat' dir='ltr'>se</span> <span class='ocrx_word' id='word_1_108' title='bbox 1722 1600 1795 1646; x_wconf 86' lang='lat' dir='ltr'>ac</span> <span class='ocrx_word' id='word_1_109' title='bbox 1842 1581 2124 1663; x_wconf 74' lang='lat' dir='ltr'>diligent,</span> <span class='ocrx_word' id='word_1_110' title='bbox 2172 1581 2280 1645; x_wconf 86' lang='lat' dir='ltr'>sed</span> <span class='ocrx_word' id='word_1_111' title='bbox 2330 1582 2523 1645; x_wconf 84' lang='lat' dir='ltr'>etiam</span> <span class='ocrx_word' id='word_1_112' title='bbox 2550 1581 2872 1645; x_wconf 70' lang='lat' dir='ltr'>verebun-</span> 
     </span>
     <span class='ocr_line' id='line_1_16' title="bbox 409 1687 2876 1769; baseline 0 -19"><span class='ocrx_word' id='word_1_113' title='bbox 409 1689 552 1751; x_wconf 83' lang='lat' dir='ltr'>tur:</span> <span class='ocrx_word' id='word_1_114' title='bbox 599 1706 751 1752; x_wconf 86' lang='lat' dir='ltr'>nam</span> <span class='ocrx_word' id='word_1_115' title='bbox 796 1689 1148 1752; x_wconf 85' lang='lat' dir='ltr'>maximum</span> <span class='ocrx_word' id='word_1_116' title='bbox 1195 1691 1643 1753; x_wconf 83' lang='lat' dir='ltr'>ornamentum</span> <span class='ocrx_word' id='word_1_117' title='bbox 1690 1689 2003 1753; x_wconf 76' lang='lat' dir='ltr'>amicitiae</span> <span class='ocrx_word' id='word_1_118' title='bbox 2051 1688 2247 1765; x_wconf 87' lang='lat' dir='ltr'>tollit,</span> <span class='ocrx_word' id='word_1_119' title='bbox 2295 1688 2405 1769; x_wconf 92' lang='lat' dir='ltr'>qui</span> <span class='ocrx_word' id='word_1_120' title='bbox 2452 1706 2527 1751; x_wconf 86' lang='lat' dir='ltr'>ex</span> <span class='ocrx_word' id='word_1_121' title='bbox 2573 1706 2649 1753; x_wconf 86' lang='lat' dir='ltr'>ea</span> <span class='ocrx_word' id='word_1_122' title='bbox 2696 1687 2876 1751; x_wconf 78' lang='lat' dir='ltr'>tollit</span> 
     </span>
    </p>
   </div>
   <div class='ocr_carea' id='block_1_3' title="bbox 321 1794 2877 1878">
    <p class='ocr_par' dir='ltr' id='par_1_4' title="bbox 321 1794 2877 1878">
     <span class='ocr_line' id='line_1_17' title="bbox 321 1794 2877 1878; baseline 0.001 -23"><span class='ocrx_word' id='word_1_123' title='bbox 321 1811 387 1855; x_wconf 74' lang='lat' dir='ltr'>ss</span> <span class='ocrx_word' id='word_1_124' title='bbox 409 1794 875 1858; x_wconf 82' lang='lat' dir='ltr'>verecundiam.</span> <span class='ocrx_word' id='word_1_125' title='bbox 964 1794 1195 1876; x_wconf 85' lang='lat' dir='ltr'>Itaque</span> <span class='ocrx_word' id='word_1_126' title='bbox 1251 1795 1315 1858; x_wconf 93' lang='lat' dir='ltr'>in</span> <span class='ocrx_word' id='word_1_127' title='bbox 1377 1795 1454 1859; x_wconf 92' lang='lat' dir='ltr'>iis</span> <span class='ocrx_word' id='word_1_128' title='bbox 1500 1795 1891 1878; x_wconf 86' lang='lat' dir='ltr'>perniciosus</span> <span class='ocrx_word' id='word_1_129' title='bbox 1938 1797 2039 1859; x_wconf 87' lang='lat' dir='ltr'>est</span> <span class='ocrx_word' id='word_1_130' title='bbox 2084 1813 2281 1871; x_wconf 89' lang='lat' dir='ltr'>error,</span> <span class='ocrx_word' id='word_1_131' title='bbox 2344 1795 2454 1876; x_wconf 91' lang='lat' dir='ltr'>qui</span> <span class='ocrx_word' id='word_1_132' title='bbox 2500 1795 2877 1859; x_wconf 78' lang='lat' dir='ltr'>existimant</span> 
     </span>
    </p>
   </div>
   <div class='ocr_carea' id='block_1_4' title="bbox 409 1900 2875 2198">
    <p class='ocr_par' dir='ltr' id='par_1_5' title="bbox 409 1900 2875 2198">
     <span class='ocr_line' id='line_1_18' title="bbox 409 1900 2873 1985; baseline 0 -22"><span class='ocrx_word' id='word_1_133' title='bbox 409 1900 744 1964; x_wconf 88' lang='lat' dir='ltr'>libidinum</span> <span class='ocrx_word' id='word_1_134' title='bbox 802 1903 1332 1984; x_wconf 76' lang='lat' dir='ltr'>peccatorumque</span> <span class='ocrx_word' id='word_1_135' title='bbox 1393 1902 1679 1966; x_wconf 89' lang='lat' dir='ltr'>omnium</span> <span class='ocrx_word' id='word_1_136' title='bbox 1746 1904 1968 1985; x_wconf 86' lang='lat' dir='ltr'>patere</span> <span class='ocrx_word' id='word_1_137' title='bbox 2037 1903 2104 1965; x_wconf 93' lang='lat' dir='ltr'>in</span> <span class='ocrx_word' id='word_1_138' title='bbox 2164 1901 2443 1965; x_wconf 87' lang='lat' dir='ltr'>amicitia</span> <span class='ocrx_word' id='word_1_139' title='bbox 2500 1902 2873 1966; x_wconf 78' lang='lat' dir='ltr'>licentiam:</span> 
     </span>
     <span class='ocr_line' id='line_1_19' title="bbox 413 2007 2873 2085; baseline 0 -15"><span class='ocrx_word' id='word_1_140' title='bbox 413 2007 722 2071; x_wconf 82' lang='lat' dir='ltr'>virtutum</span> <span class='ocrx_word' id='word_1_141' title='bbox 772 2007 1053 2072; x_wconf 86' lang='lat' dir='ltr'>amicitia</span> <span class='ocrx_word' id='word_1_142' title='bbox 1101 2008 1376 2072; x_wconf 82' lang='lat' dir='ltr'>adiutrix</span> <span class='ocrx_word' id='word_1_143' title='bbox 1422 2027 1460 2072; x_wconf 84' lang='lat' dir='ltr'>a</span> <span class='ocrx_word' id='word_1_144' title='bbox 1505 2010 1741 2072; x_wconf 80' lang='lat' dir='ltr'>natura</span> <span class='ocrx_word' id='word_1_145' title='bbox 1786 2009 1937 2072; x_wconf 87' lang='lat' dir='ltr'>data</span> <span class='ocrx_word' id='word_1_146' title='bbox 1984 2012 2103 2084; x_wconf 84' lang='lat' dir='ltr'>est,</span> <span class='ocrx_word' id='word_1_147' title='bbox 2148 2027 2275 2071; x_wconf 91' lang='lat' dir='ltr'>non</span> <span class='ocrx_word' id='word_1_148' title='bbox 2310 2008 2604 2072; x_wconf 86' lang='lat' dir='ltr'>vitiorum</span> <span class='ocrx_word' id='word_1_149' title='bbox 2636 2026 2873 2085; x_wconf 77' lang='lat' dir='ltr'>comeS‚</span> 
     </span>
     <span class='ocr_line' id='line_1_20' title="bbox 410 2114 2875 2198; baseline -0 -19"><span class='ocrx_word' id='word_1_150' title='bbox 410 2115 501 2189; x_wconf 86' lang='lat' dir='ltr'>ut,</span> <span class='ocrx_word' id='word_1_151' title='bbox 549 2114 847 2194; x_wconf 84' lang='lat' dir='ltr'>quoniam</span> <span class='ocrx_word' id='word_1_152' title='bbox 895 2116 1179 2179; x_wconf 83' lang='lat' dir='ltr'>solitaria</span> <span class='ocrx_word' id='word_1_153' title='bbox 1223 2135 1350 2179; x_wconf 89' lang='lat' dir='ltr'>non</span> <span class='ocrx_word' id='word_1_154' title='bbox 1395 2118 1615 2198; x_wconf 80' lang='lat' dir='ltr'>posset</span> <span class='ocrx_word' id='word_1_155' title='bbox 1661 2116 1863 2179; x_wconf 81' lang='lat' dir='ltr'>virtus</span> <span class='ocrx_word' id='word_1_156' title='bbox 1912 2116 1991 2179; x_wconf 86' lang='lat' dir='ltr'>ad</span> <span class='ocrx_word' id='word_1_157' title='bbox 2042 2134 2133 2192; x_wconf 86' lang='lat' dir='ltr'>ea,</span> <span class='ocrx_word' id='word_1_158' title='bbox 2183 2134 2344 2197; x_wconf 88' lang='lat' dir='ltr'>quae</span> <span class='ocrx_word' id='word_1_159' title='bbox 2394 2134 2647 2180; x_wconf 87' lang='lat' dir='ltr'>summa</span> <span class='ocrx_word' id='word_1_160' title='bbox 2695 2118 2875 2192; x_wconf 77' lang='lat' dir='ltr'>sunt,</span> 
     </span>
    </p>
   </div>
   <div class='ocr_carea' id='block_1_5' title="bbox 409 2284 837 2293">
    <p class='ocr_par' dir='ltr' id='par_1_6' title="bbox 409 2284 837 2293">
     <span class='ocr_line' id='line_1_21' title="bbox 409 2284 837 2293; baseline 0 2532"><span class='ocrx_word' id='word_1_161' title='bbox 409 2284 837 2293; x_wconf 95' lang='lat' dir='ltr'> </span> 
     </span>
    </p>
   </div>
   <div class='ocr_carea' id='block_1_6' title="bbox 409 2396 1588 3163">
    <p class='ocr_par' dir='ltr' id='par_1_7' title="bbox 409 2396 1588 3163">
     <span class='ocr_line' id='line_1_22' title="bbox 410 2396 1584 2468; baseline 0.003 -20"><span class='ocrx_word' id='word_1_162' title='bbox 410 2396 519 2449; x_wconf 89' lang='lat' dir='ltr'>und</span> <span class='ocrx_word' id='word_1_163' title='bbox 569 2396 756 2450; x_wconf 86' lang='lat' dir='ltr'>darum</span> <span class='ocrx_word' id='word_1_164' title='bbox 807 2398 881 2450; x_wconf 89' lang='lat' dir='ltr'>im</span> <span class='ocrx_word' id='word_1_165' title='bbox 928 2397 1193 2452; x_wconf 82' lang='lat' dir='ltr'>Indikativ</span> <span class='ocrx_word' id='word_1_166' title='bbox 1243 2397 1584 2468; x_wconf 81' lang='lat' dir='ltr'>hingestellte</span> 
     </span>
     <span class='ocr_line' id='line_1_23' title="bbox 409 2485 1585 2556; baseline 0.003 -18"><span class='ocrx_word' id='word_1_167' title='bbox 409 2485 702 2538; x_wconf 81' lang='lat' dir='ltr'>Thatsache</span> <span class='ocrx_word' id='word_1_168' title='bbox 740 2503 837 2538; x_wconf 88' lang='lat' dir='ltr'>zur</span> <span class='ocrx_word' id='word_1_169' title='bbox 865 2487 1238 2556; x_wconf 82' lang='lat' dir='ltr'>Begriindung.</span> <span class='ocrx_word' id='word_1_170' title='bbox 1279 2520 1346 2527; x_wconf 91' lang='lat'>—</span> <span class='ocrx_word' id='word_1_171' title='bbox 1385 2488 1585 2556; x_wconf 79' lang='lat' dir='ltr'>anqui-</span> 
     </span>
     <span class='ocr_line' id='line_1_24' title="bbox 409 2573 1585 2645; baseline 0.004 -20"><span class='ocrx_word' id='word_1_172' title='bbox 409 2573 505 2642; x_wconf 80' lang='lat' dir='ltr'>rit]</span> <span class='ocrx_word' id='word_1_173' title='bbox 527 2573 624 2625; x_wconf 85' lang='lat' dir='ltr'>mit</span> <span class='ocrx_word' id='word_1_174' title='bbox 642 2573 923 2628; x_wconf 91' lang='lat' dir='ltr'>derselben</span> <span class='ocrx_word' id='word_1_175' title='bbox 937 2575 1479 2645; x_wconf 85' lang='lat' dir='ltr'>Zusammensetzung</span> <span class='ocrx_word' id='word_1_176' title='bbox 1494 2593 1585 2645; x_wconf 85' lang='lat' dir='ltr'>ge-</span> 
     </span>
     <span class='ocr_line' id='line_1_25' title="bbox 411 2661 1584 2733; baseline 0.003 -19"><span class='ocrx_word' id='word_1_177' title='bbox 411 2661 577 2715; x_wconf 84' lang='lat' dir='ltr'>bildet</span> <span class='ocrx_word' id='word_1_178' title='bbox 604 2662 703 2715; x_wconf 88' lang='lat' dir='ltr'>wie</span> <span class='ocrx_word' id='word_1_179' title='bbox 732 2662 978 2729; x_wconf 62' lang='lat' dir='ltr'>arn-icch,</span> <span class='ocrx_word' id='word_1_180' title='bbox 1017 2664 1258 2733; x_wconf 75' lang='lat' dir='ltr'>amb-iyo</span> <span class='ocrx_word' id='word_1_181' title='bbox 1285 2682 1336 2717; x_wconf 89' lang='lat' dir='ltr'>u.</span> <span class='ocrx_word' id='word_1_182' title='bbox 1365 2682 1428 2731; x_wconf 80' lang='lat' dir='ltr'>a.‚</span> <span class='ocrx_word' id='word_1_183' title='bbox 1467 2665 1584 2718; x_wconf 86' lang='lat' dir='ltr'>bed.</span> 
     </span>
     <span class='ocr_line' id='line_1_26' title="bbox 413 2750 1584 2822; baseline 0.001 -16"><span class='ocrx_word' id='word_1_184' title='bbox 413 2750 626 2818; x_wconf 80' lang='lat' dir='ltr'>cigentl.</span> <span class='ocrx_word' id='word_1_185' title='bbox 678 2752 860 2817; x_wconf 85' lang='lat' dir='ltr'>„nach</span> <span class='ocrx_word' id='word_1_186' title='bbox 911 2751 1052 2808; x_wconf 84' lang='lat' dir='ltr'>allen</span> <span class='ocrx_word' id='word_1_187' title='bbox 1089 2752 1272 2807; x_wconf 85' lang='lat' dir='ltr'>Seiten</span> <span class='ocrx_word' id='word_1_188' title='bbox 1321 2755 1584 2822; x_wconf 77' lang='lat' dir='ltr'>suchen“,</span> 
     </span>
     <span class='ocr_line' id='line_1_27' title="bbox 411 2839 1588 2912; baseline 0.004 -21"><span class='ocrx_word' id='word_1_189' title='bbox 411 2839 461 2891; x_wconf 91' lang='lat' dir='ltr'>d.</span> <span class='ocrx_word' id='word_1_190' title='bbox 501 2839 552 2891; x_wconf 89' lang='lat' dir='ltr'>h.</span> <span class='ocrx_word' id='word_1_191' title='bbox 606 2839 704 2892; x_wconf 85' lang='lat' dir='ltr'>mit</span> <span class='ocrx_word' id='word_1_192' title='bbox 753 2840 1002 2894; x_wconf 85' lang='lat' dir='ltr'>Umsicht</span> <span class='ocrx_word' id='word_1_193' title='bbox 1050 2842 1158 2894; x_wconf 90' lang='lat' dir='ltr'>und</span> <span class='ocrx_word' id='word_1_194' title='bbox 1210 2841 1466 2912; x_wconf 80' lang='lat' dir='ltr'>Sorgfalt‚</span> <span class='ocrx_word' id='word_1_195' title='bbox 1517 2843 1588 2896; x_wconf 85' lang='lat' dir='ltr'>ist</span> 
     </span>
     <span class='ocr_line' id='line_1_28' title="bbox 414 2928 1588 3001; baseline 0.006 -22"><span class='ocrx_word' id='word_1_196' title='bbox 414 2928 892 2984; x_wconf 85' lang='lat' dir='ltr'>nachdriicklicher</span> <span class='ocrx_word' id='word_1_197' title='bbox 911 2930 988 2985; x_wconf 86' lang='lat' dir='ltr'>als</span> <span class='ocrx_word' id='word_1_198' title='bbox 1015 2931 1300 3000; x_wconf 78' lang='lat' dir='ltr'>requirere.</span> <span class='ocrx_word' id='word_1_199' title='bbox 1323 2963 1385 2971; x_wconf 55' lang='lat' dir='ltr'>-n</span> <span class='ocrx_word' id='word_1_200' title='bbox 1413 2950 1588 3001; x_wconf 79' lang='lat' dir='ltr'>paene</span> 
     </span>
     <span class='ocr_line' id='line_1_29' title="bbox 410 3019 1585 3091; baseline 0.004 -21"><span class='ocrx_word' id='word_1_201' title='bbox 410 3035 588 3070; x_wconf 75' lang='lat' dir='ltr'>mium</span> <span class='ocrx_word' id='word_1_202' title='bbox 635 3036 698 3072; x_wconf 78' lang='lat' dir='ltr'>ex</span> <span class='ocrx_word' id='word_1_203' title='bbox 747 3019 971 3090; x_wconf 77' lang='lat' dir='ltr'>duobus]</span> <span class='ocrx_word' id='word_1_204' title='bbox 1022 3019 1142 3089; x_wconf 86' lang='lat' dir='ltr'>Vgl.</span> <span class='ocrx_word' id='word_1_205' title='bbox 1185 3037 1368 3075; x_wconf 85' lang='lat' dir='ltr'>unser:</span> <span class='ocrx_word' id='word_1_206' title='bbox 1423 3022 1585 3091; x_wconf 83' lang='lat' dir='ltr'>„ein</span> 
     </span>
     <span class='ocr_line' id='line_1_30' title="bbox 410 3106 1152 3163; baseline 0.003 -3"><span class='ocrx_word' id='word_1_207' title='bbox 410 3106 556 3160; x_wconf 86' lang='lat' dir='ltr'>Herz</span> <span class='ocrx_word' id='word_1_208' title='bbox 594 3108 702 3160; x_wconf 91' lang='lat' dir='ltr'>und</span> <span class='ocrx_word' id='word_1_209' title='bbox 739 3108 894 3163; x_wconf 89' lang='lat' dir='ltr'>eine</span> <span class='ocrx_word' id='word_1_210' title='bbox 932 3108 1152 3163; x_wconf 81' lang='lat' dir='ltr'>Seele“.</span> 
     </span>
    </p>
   </div>
   <div class='ocr_carea' id='block_1_7' title="bbox 407 3285 1586 4333">
    <p class='ocr_par' dir='ltr' id='par_1_8' title="bbox 407 3285 1586 4333">
     <span class='ocr_line' id='line_1_31' title="bbox 482 3285 1585 3356; baseline 0.005 -17"><span class='ocrx_word' id='word_1_211' title='bbox 482 3285 634 3353; x_wconf 67' lang='lat' dir='ltr'><strong>Kal).</strong></span> <span class='ocrx_word' id='word_1_212' title='bbox 673 3287 766 3342; x_wconf 71' lang='lat'>22.</span> <span class='ocrx_word' id='word_1_213' title='bbox 844 3299 926 3343; x_wconf 80' lang='lat'>82.</span> <span class='ocrx_word' id='word_1_214' title='bbox 967 3285 1172 3356; x_wconf 78' lang='lat' dir='ltr'>ipsum]</span> <span class='ocrx_word' id='word_1_215' title='bbox 1211 3287 1316 3355; x_wconf 84' lang='lat' dir='ltr'>vgl.</span> <span class='ocrx_word' id='word_1_216' title='bbox 1357 3305 1424 3341; x_wconf 88' lang='lat' dir='ltr'>zu</span> <span class='ocrx_word' id='word_1_217' title='bbox 1461 3290 1585 3356; x_wconf 74' lang='lat'>§62</span> 
     </span>
     <span class='ocr_line' id='line_1_32' title="bbox 412 3373 1586 3446; baseline 0.003 -20"><span class='ocrx_word' id='word_1_218' title='bbox 412 3373 535 3426; x_wconf 79' lang='lat' dir='ltr'>nisi</span> <span class='ocrx_word' id='word_1_219' title='bbox 567 3381 856 3443; x_wconf 58' lang='lat' dir='ltr'>eumerium.</span> <span class='ocrx_word' id='word_1_220' title='bbox 896 3407 964 3414; x_wconf 88' lang='lat'><em>-</em></span> <span class='ocrx_word' id='word_1_221' title='bbox 1011 3375 1131 3428; x_wconf 81' lang='lat' dir='ltr'>iam</span> <span class='ocrx_word' id='word_1_222' title='bbox 1166 3377 1392 3446; x_wconf 81' lang='lat' dir='ltr'>dudum]</span> <span class='ocrx_word' id='word_1_223' title='bbox 1433 3395 1586 3446; x_wconf 83' lang='lat' dir='ltr'>„nun</span> 
     </span>
     <span class='ocr_line' id='line_1_33' title="bbox 413 3462 1585 3534; baseline 0.005 -20"><span class='ocrx_word' id='word_1_224' title='bbox 413 3462 580 3516; x_wconf 87' lang='lat' dir='ltr'>schon</span> <span class='ocrx_word' id='word_1_225' title='bbox 626 3463 879 3517; x_wconf 81' lang='lat' dir='ltr'>immer“.</span> <span class='ocrx_word' id='word_1_226' title='bbox 922 3495 988 3502; x_wconf 89' lang='lat'>—</span> <span class='ocrx_word' id='word_1_227' title='bbox 1039 3464 1455 3534; x_wconf 63' lang='lat' dir='ltr'>cupiditatibuS‚</span> <span class='ocrx_word' id='word_1_228' title='bbox 1507 3466 1585 3520; x_wconf 83' lang='lat' dir='ltr'>iis</span> 
     </span>
     <span class='ocr_line' id='line_1_34' title="bbox 412 3550 1583 3621; baseline 0.004 -18"><span class='ocrx_word' id='word_1_229' title='bbox 412 3550 630 3620; x_wconf 78' lang='lat' dir='ltr'>quibus]</span> <span class='ocrx_word' id='word_1_230' title='bbox 668 3553 932 3606; x_wconf 84' lang='lat' dir='ltr'>durchaus</span> <span class='ocrx_word' id='word_1_231' title='bbox 962 3555 1310 3609; x_wconf 86' lang='lat' dir='ltr'>verschieden</span> <span class='ocrx_word' id='word_1_232' title='bbox 1347 3572 1453 3610; x_wconf 76' lang='lat' dir='ltr'>von</span> <span class='ocrx_word' id='word_1_233' title='bbox 1491 3556 1583 3621; x_wconf 72' lang='lat' dir='ltr'>iis,</span> 
     </span>
     <span class='ocr_line' id='line_1_35' title="bbox 412 3640 1586 3711; baseline 0.005 -19"><span class='ocrx_word' id='word_1_234' title='bbox 412 3640 634 3708; x_wconf 68' lang='lat' dir='ltr'>quibu-3,</span> <span class='ocrx_word' id='word_1_235' title='bbox 688 3657 796 3694; x_wconf 84' lang='lat' dir='ltr'>was</span> <span class='ocrx_word' id='word_1_236' title='bbox 832 3641 931 3694; x_wconf 82' lang='lat' dir='ltr'>mit</span> <span class='ocrx_word' id='word_1_237' title='bbox 964 3645 994 3711; x_wconf 65' lang='grc' dir='ltr'><strong>ξ</strong></span> <span class='ocrx_word' id='word_1_238' title='bbox 1033 3645 1101 3698; x_wconf 90' lang='grc'>19</span> <span class='ocrx_word' id='word_1_239' title='bbox 1137 3661 1234 3697; x_wconf 78' lang='lat' dir='ltr'>uec</span> <span class='ocrx_word' id='word_1_240' title='bbox 1278 3645 1353 3697; x_wconf 82' lang='lat' dir='ltr'>sit</span> <span class='ocrx_word' id='word_1_241' title='bbox 1397 3645 1462 3698; x_wconf 78' lang='lat' dir='ltr'>in</span> <span class='ocrx_word' id='word_1_242' title='bbox 1507 3644 1586 3698; x_wconf 79' lang='lat' dir='ltr'>iis</span> 
     </span>
     <span class='ocr_line' id='line_1_36' title="bbox 411 3729 1584 3801; baseline 0.003 -20"><span class='ocrx_word' id='word_1_243' title='bbox 411 3729 482 3782; x_wconf 86' lang='lat' dir='ltr'>ul</span> <span class='ocrx_word' id='word_1_244' title='bbox 491 3730 556 3782; x_wconf 83' lang='lat' dir='ltr'>la</span> <span class='ocrx_word' id='word_1_245' title='bbox 574 3730 850 3800; x_wconf 73' lang='lat' dir='ltr'>cupiditas</span> <span class='ocrx_word' id='word_1_246' title='bbox 869 3730 924 3782; x_wconf 90' lang='lat' dir='ltr'>in</span> <span class='ocrx_word' id='word_1_247' title='bbox 935 3731 1324 3801; x_wconf 86' lang='lat' dir='ltr'>Widerspruch</span> <span class='ocrx_word' id='word_1_248' title='bbox 1343 3739 1501 3788; x_wconf 68' lang='lat' dir='ltr'>ware.</span> <span class='ocrx_word' id='word_1_249' title='bbox 1515 3766 1584 3773; x_wconf 94' lang='lat'><strong>—</strong></span> 
     </span>
     <span class='ocr_line' id='line_1_37' title="bbox 407 3818 1586 3888; baseline 0.003 -17"><span class='ocrx_word' id='word_1_250' title='bbox 407 3818 734 3888; x_wconf 70' lang='lat' dir='ltr'>qaudelmnt]</span> <span class='ocrx_word' id='word_1_251' title='bbox 775 3819 934 3887; x_wconf 86' lang='lat' dir='ltr'>„ihre</span> <span class='ocrx_word' id='word_1_252' title='bbox 971 3821 1176 3874; x_wconf 82' lang='lat' dir='ltr'>Frende</span> <span class='ocrx_word' id='word_1_253' title='bbox 1212 3821 1386 3875; x_wconf 86' lang='lat' dir='ltr'>haben</span> <span class='ocrx_word' id='word_1_254' title='bbox 1399 3826 1454 3887; x_wconf 78' lang='lat'>“3</span> <span class='ocrx_word' id='word_1_255' title='bbox 1492 3823 1586 3875; x_wconf 85' lang='lat' dir='ltr'>das</span> 
     </span>
     <span class='ocr_line' id='line_1_38' title="bbox 412 3906 1584 3979; baseline 0.005 -21"><span class='ocrx_word' id='word_1_256' title='bbox 412 3906 873 3976; x_wconf 84' lang='lat' dir='ltr'>phraseologische</span> <span class='ocrx_word' id='word_1_257' title='bbox 929 3950 960 3977; x_wconf 85' lang='lat'>„</span> <span class='ocrx_word' id='word_1_258' title='bbox 977 3909 1093 3963; x_wconf 89' lang='lat' dir='ltr'>sich</span> <span class='ocrx_word' id='word_1_259' title='bbox 1148 3911 1397 3963; x_wconf 74' lang='lat' dir='ltr'>erfreuen</span> <span class='ocrx_word' id='word_1_260' title='bbox 1414 3951 1427 3977; x_wconf 77' lang='lat'>‚</span> <span class='ocrx_word' id='word_1_261' title='bbox 1491 3927 1584 3979; x_wconf 85' lang='lat' dir='ltr'>ge·</span> 
     </span>
     <span class='ocr_line' id='line_1_39' title="bbox 413 3994 1583 4066; baseline 0.004 -20"><span class='ocrx_word' id='word_1_262' title='bbox 413 3994 666 4050; x_wconf 80' lang='lat' dir='ltr'>niessen“</span> <span class='ocrx_word' id='word_1_263' title='bbox 718 3995 774 4047; x_wconf 93' lang='lat' dir='ltr'>in</span> <span class='ocrx_word' id='word_1_264' title='bbox 819 3997 942 4050; x_wconf 89' lang='lat' dir='ltr'>dem</span> <span class='ocrx_word' id='word_1_265' title='bbox 979 3997 1143 4051; x_wconf 86' lang='lat' dir='ltr'>Sinne</span> <span class='ocrx_word' id='word_1_266' title='bbox 1181 4015 1284 4051; x_wconf 86' lang='lat' dir='ltr'>von</span> <span class='ocrx_word' id='word_1_267' title='bbox 1324 3999 1539 4066; x_wconf 85' lang='lat' dir='ltr'>„haben</span> <span class='ocrx_word' id='word_1_268' title='bbox 1552 4003 1583 4030; x_wconf 72' lang='lat'>‘⁴</span> 
     </span>
     <span class='ocr_line' id='line_1_40' title="bbox 413 4082 1584 4159; baseline 0.005 -25"><span class='ocrx_word' id='word_1_269' title='bbox 413 4082 482 4135; x_wconf 86' lang='lat' dir='ltr'>ist</span> <span class='ocrx_word' id='word_1_270' title='bbox 519 4085 697 4159; x_wconf 86' lang='lat' dir='ltr'>weder</span> <span class='ocrx_word' id='word_1_271' title='bbox 726 4086 959 4152; x_wconf 73' lang='lat' dir='ltr'>qaudere</span> <span class='ocrx_word' id='word_1_272' title='bbox 994 4087 1133 4140; x_wconf 89' lang='lat' dir='ltr'>noch</span> <span class='ocrx_word' id='word_1_273' title='bbox 1169 4087 1313 4154; x_wconf 82' lang='lat' dir='ltr'>frui,</span> <span class='ocrx_word' id='word_1_274' title='bbox 1353 4089 1584 4142; x_wconf 89' lang='lat' dir='ltr'>sondern</span> 
     </span>
     <span class='ocr_line' id='line_1_41' title="bbox 411 4171 1585 4244; baseline 0.004 -20"><span class='ocrx_word' id='word_1_275' title='bbox 411 4171 511 4224; x_wconf 76' lang='lat' dir='ltr'>uti.</span> <span class='ocrx_word' id='word_1_276' title='bbox 574 4172 684 4225; x_wconf 85' lang='lat' dir='ltr'>Das</span> <span class='ocrx_word' id='word_1_277' title='bbox 711 4173 882 4226; x_wconf 81' lang='lat' dir='ltr'>Futur</span> <span class='ocrx_word' id='word_1_278' title='bbox 917 4175 1062 4227; x_wconf 82' lang='lat' dir='ltr'>steht</span> <span class='ocrx_word' id='word_1_279' title='bbox 1097 4191 1281 4244; x_wconf 84' lang='lat' dir='ltr'>wegen</span> <span class='ocrx_word' id='word_1_280' title='bbox 1317 4177 1410 4229; x_wconf 86' lang='lat' dir='ltr'>des</span> <span class='ocrx_word' id='word_1_281' title='bbox 1447 4176 1585 4232; x_wconf 86' lang='lat' dir='ltr'>auch</span> 
     </span>
     <span class='ocr_line' id='line_1_42' title="bbox 412 4259 1585 4333; baseline 0.008 -23"><span class='ocrx_word' id='word_1_282' title='bbox 412 4259 466 4311; x_wconf 92' lang='lat' dir='ltr'>in</span> <span class='ocrx_word' id='word_1_283' title='bbox 497 4277 654 4328; x_wconf 74' lang='lat' dir='ltr'>posse</span> <span class='ocrx_word' id='word_1_284' title='bbox 692 4261 1033 4316; x_wconf 82' lang='lat' dir='ltr'>enthaltenen</span> <span class='ocrx_word' id='word_1_285' title='bbox 1070 4263 1480 4333; x_wconf 75' lang='lat' dir='ltr'>FuturbegriffS.</span> <span class='ocrx_word' id='word_1_286' title='bbox 1515 4296 1585 4306; x_wconf 88' lang='lat'><strong>—</strong></span> 
     </span>
    </p>
   </div>
   <div class='ocr_carea' id='block_1_8' title="bbox 1693 2397 2879 4336">
    <p class='ocr_par' dir='ltr' id='par_1_9' title="bbox 1693 2397 2877 3357">
     <span class='ocr_line' id='line_1_43' title="bbox 1693 2397 2875 2468; baseline 0 -16"><span class='ocrx_word' id='word_1_287' title='bbox 1693 2398 1985 2467; x_wconf 80' lang='lat' dir='ltr'>omniaque</span> <span class='ocrx_word' id='word_1_288' title='bbox 2006 2439 2044 2451; x_wconf 89' lang='lat'>..</span> <span class='ocrx_word' id='word_1_289' title='bbox 2060 2440 2069 2450; x_wconf 94' lang='lat'>.</span> <span class='ocrx_word' id='word_1_290' title='bbox 2084 2397 2403 2468; x_wconf 78' lang='lat' dir='ltr'>postulabit]</span> <span class='ocrx_word' id='word_1_291' title='bbox 2418 2398 2609 2452; x_wconf 88' lang='lat' dir='ltr'>Dieser</span> <span class='ocrx_word' id='word_1_292' title='bbox 2618 2397 2875 2452; x_wconf 83' lang='lat' dir='ltr'>Gedanke</span> 
     </span>
     <span class='ocr_line' id='line_1_44' title="bbox 1694 2487 2874 2556; baseline 0.003 -16"><span class='ocrx_word' id='word_1_293' title='bbox 1694 2488 1764 2541; x_wconf 86' lang='lat' dir='ltr'>ist</span> <span class='ocrx_word' id='word_1_294' title='bbox 1801 2488 2133 2541; x_wconf 77' lang='lat' dir='ltr'>ausfiihrlich</span> <span class='ocrx_word' id='word_1_295' title='bbox 2162 2487 2447 2542; x_wconf 85' lang='lat' dir='ltr'>behandelt</span> <span class='ocrx_word' id='word_1_296' title='bbox 2472 2488 2605 2556; x_wconf 86' lang='lat' dir='ltr'>Kap.</span> <span class='ocrx_word' id='word_1_297' title='bbox 2639 2490 2874 2554; x_wconf 78' lang='lat'><strong>11—13‚</strong></span> 
     </span>
     <span class='ocr_line' id='line_1_45' title="bbox 1696 2575 2875 2646; baseline -0.003 -15"><span class='ocrx_word' id='word_1_298' title='bbox 1696 2579 1725 2645; x_wconf 66' lang='grc' dir='ltr'>ξ</span> <span class='ocrx_word' id='word_1_299' title='bbox 1744 2578 1829 2632; x_wconf 89' lang='grc'>44.</span> <span class='ocrx_word' id='word_1_300' title='bbox 1847 2607 1915 2616; x_wconf 92' lang='grc'>-</span> <span class='ocrx_word' id='word_1_301' title='bbox 1929 2594 2097 2646; x_wconf 75' lang='lat' dir='ltr'>neque</span> <span class='ocrx_word' id='word_1_302' title='bbox 2116 2577 2429 2646; x_wconf 75' lang='lat' dir='ltr'>quicquam]</span> <span class='ocrx_word' id='word_1_303' title='bbox 2452 2575 2751 2630; x_wconf 84' lang='lat' dir='ltr'>adversativ</span> <span class='ocrx_word' id='word_1_304' title='bbox 2766 2576 2875 2629; x_wconf 82' lang='lat' dir='ltr'>wie</span> 
     </span>
     <span class='ocr_line' id='line_1_46' title="bbox 1696 2665 2871 2734; baseline -0.005 -12"><span class='ocrx_word' id='word_1_305' title='bbox 1696 2668 1725 2734; x_wconf 66' lang='grc' dir='ltr'><strong>ἓ</strong></span> <span class='ocrx_word' id='word_1_306' title='bbox 1757 2669 1852 2734; x_wconf 84' lang='grc'>18;</span> <span class='ocrx_word' id='word_1_307' title='bbox 1883 2665 2277 2720; x_wconf 84' lang='lat' dir='ltr'>subordiniere:</span> <span class='ocrx_word' id='word_1_308' title='bbox 2308 2667 2488 2732; x_wconf 82' lang='lat' dir='ltr'>„ohne</span> <span class='ocrx_word' id='word_1_309' title='bbox 2514 2665 2765 2734; x_wconf 83' lang='lat' dir='ltr'>jedoch“.</span> <span class='ocrx_word' id='word_1_310' title='bbox 2798 2696 2871 2705; x_wconf 89' lang='lat'>—</span> 
     </span>
     <span class='ocr_line' id='line_1_47' title="bbox 1694 2754 2877 2824; baseline 0 -16"><span class='ocrx_word' id='word_1_311' title='bbox 1694 2773 1861 2824; x_wconf 80' lang='lat' dir='ltr'>neque</span> <span class='ocrx_word' id='word_1_312' title='bbox 1894 2756 2071 2808; x_wconf 76' lang='lat' dir='ltr'>solum</span> <span class='ocrx_word' id='word_1_313' title='bbox 2111 2796 2122 2808; x_wconf 93' lang='lat'>.</span> <span class='ocrx_word' id='word_1_314' title='bbox 2146 2796 2158 2808; x_wconf 91' lang='lat'><strong>.</strong></span> <span class='ocrx_word' id='word_1_315' title='bbox 2182 2795 2193 2807; x_wconf 91' lang='lat'><strong>.</strong></span> <span class='ocrx_word' id='word_1_316' title='bbox 2232 2755 2567 2824; x_wconf 73' lang='lat' dir='ltr'>verebuntur]</span> <span class='ocrx_word' id='word_1_317' title='bbox 2607 2754 2760 2821; x_wconf 87' lang='lat' dir='ltr'>„und</span> <span class='ocrx_word' id='word_1_318' title='bbox 2797 2771 2824 2808; x_wconf 86' lang='lat' dir='ltr'>s</span> <span class='ocrx_word' id='word_1_319' title='bbox 2838 2771 2877 2808; x_wconf 92' lang='lat'>0·</span> 
     </span>
     <span class='ocr_line' id='line_1_48' title="bbox 1696 2843 2877 2912; baseline 0 -16"><span class='ocrx_word' id='word_1_320' title='bbox 1696 2844 1845 2897; x_wconf 85' lang='lat' dir='ltr'>nicht</span> <span class='ocrx_word' id='word_1_321' title='bbox 1881 2861 1985 2896; x_wconf 90' lang='lat' dir='ltr'>nur</span> <span class='ocrx_word' id='word_1_322' title='bbox 2022 2884 2033 2896; x_wconf 91' lang='lat'><strong>.</strong></span> <span class='ocrx_word' id='word_1_323' title='bbox 2058 2884 2069 2896; x_wconf 91' lang='lat'><strong>.</strong></span> <span class='ocrx_word' id='word_1_324' title='bbox 2094 2848 2159 2897; x_wconf 79' lang='grc'>.“.</span> <span class='ocrx_word' id='word_1_325' title='bbox 2216 2843 2299 2896; x_wconf 86' lang='lat' dir='ltr'>Im</span> <span class='ocrx_word' id='word_1_326' title='bbox 2336 2844 2561 2912; x_wconf 84' lang='lat' dir='ltr'>Gegens.</span> <span class='ocrx_word' id='word_1_327' title='bbox 2602 2861 2667 2897; x_wconf 89' lang='lat' dir='ltr'>zu</span> <span class='ocrx_word' id='word_1_328' title='bbox 2704 2845 2877 2897; x_wconf 72' lang='lat' dir='ltr'>colere</span> 
     </span>
     <span class='ocr_line' id='line_1_49' title="bbox 1694 2933 2873 3002; baseline -0.002 -16"><span class='ocrx_word' id='word_1_329' title='bbox 1694 2934 1804 2986; x_wconf 89' lang='lat' dir='ltr'>und</span> <span class='ocrx_word' id='word_1_330' title='bbox 1839 2933 2065 3002; x_wconf 62' lang='lat' dir='ltr'>diligere</span> <span class='ocrx_word' id='word_1_331' title='bbox 2100 2933 2211 2986; x_wconf 84' lang='lat' dir='ltr'>bez.</span> <span class='ocrx_word' id='word_1_332' title='bbox 2251 2933 2426 2986; x_wconf 78' lang='lat' dir='ltr'>vereri</span> <span class='ocrx_word' id='word_1_333' title='bbox 2460 2933 2546 2986; x_wconf 85' lang='lat' dir='ltr'>die</span> <span class='ocrx_word' id='word_1_334' title='bbox 2581 2933 2777 3001; x_wconf 80' lang='lat' dir='ltr'>gerade</span> <span class='ocrx_word' id='word_1_335' title='bbox 2812 2933 2873 2985; x_wconf 85' lang='lat' dir='ltr'>in</span> 
     </span>
     <span class='ocr_line' id='line_1_50' title="bbox 1695 3021 2872 3090; baseline -0.001 -14"><span class='ocrx_word' id='word_1_336' title='bbox 1695 3024 1791 3076; x_wconf 88' lang='lat' dir='ltr'>der</span> <span class='ocrx_word' id='word_1_337' title='bbox 1815 3024 1950 3077; x_wconf 89' lang='lat' dir='ltr'>eben</span> <span class='ocrx_word' id='word_1_338' title='bbox 1972 3022 2283 3076; x_wconf 64' lang='lat' dir='ltr'>erwahnten</span> <span class='ocrx_word' id='word_1_339' title='bbox 2304 3021 2737 3090; x_wconf 79' lang='lat' dir='ltr'>Zuriickhaltung</span> <span class='ocrx_word' id='word_1_340' title='bbox 2764 3038 2872 3075; x_wconf 79' lang='lat' dir='ltr'>von</span> 
     </span>
     <span class='ocr_line' id='line_1_51' title="bbox 1696 3110 2875 3180; baseline -0.002 -16"><span class='ocrx_word' id='word_1_341' title='bbox 1696 3111 2047 3164; x_wconf 83' lang='lat' dir='ltr'>unerlaubten</span> <span class='ocrx_word' id='word_1_342' title='bbox 2098 3111 2476 3180; x_wconf 85' lang='lat' dir='ltr'>Forderungen</span> <span class='ocrx_word' id='word_1_343' title='bbox 2530 3110 2645 3164; x_wconf 91' lang='lat' dir='ltr'>sich</span> <span class='ocrx_word' id='word_1_344' title='bbox 2700 3111 2875 3163; x_wconf 82' lang='lat' dir='ltr'>kund-</span> 
     </span>
     <span class='ocr_line' id='line_1_52' title="bbox 1694 3199 2876 3268; baseline -0.003 -15"><span class='ocrx_word' id='word_1_345' title='bbox 1694 3200 1948 3268; x_wconf 86' lang='lat' dir='ltr'>gebende‚</span> <span class='ocrx_word' id='word_1_346' title='bbox 1988 3216 2083 3253; x_wconf 87' lang='lat' dir='ltr'>aus</span> <span class='ocrx_word' id='word_1_347' title='bbox 2110 3199 2375 3253; x_wconf 84' lang='lat' dir='ltr'>sittlicher</span> <span class='ocrx_word' id='word_1_348' title='bbox 2399 3199 2574 3253; x_wconf 85' lang='lat' dir='ltr'>Scheu</span> <span class='ocrx_word' id='word_1_349' title='bbox 2601 3199 2876 3268; x_wconf 80' lang='lat' dir='ltr'>entsprin-</span> 
     </span>
     <span class='ocr_line' id='line_1_53' title="bbox 1694 3289 2308 3357; baseline -0.003 -14"><span class='ocrx_word' id='word_1_350' title='bbox 1694 3289 1866 3357; x_wconf 83' lang='lat' dir='ltr'>gende</span> <span class='ocrx_word' id='word_1_351' title='bbox 1904 3289 2308 3357; x_wconf 75' lang='lat' dir='ltr'>Hochachtung.</span> 
     </span>
    </p>

    <p class='ocr_par' dir='ltr' id='par_1_10' title="bbox 1693 3377 2879 4336">
     <span class='ocr_line' id='line_1_54' title="bbox 1770 3377 2877 3446; baseline -0.005 -12"><span class='ocrx_word' id='word_1_352' title='bbox 1770 3390 1852 3434; x_wconf 80' lang='grc'>83.</span> <span class='ocrx_word' id='word_1_353' title='bbox 1892 3377 1957 3430; x_wconf 79' lang='lat' dir='ltr'>in</span> <span class='ocrx_word' id='word_1_354' title='bbox 1992 3378 2071 3430; x_wconf 81' lang='lat' dir='ltr'>iis</span> <span class='ocrx_word' id='word_1_355' title='bbox 2111 3419 2122 3430; x_wconf 93' lang='lat'><strong>.</strong></span> <span class='ocrx_word' id='word_1_356' title='bbox 2145 3419 2156 3430; x_wconf 90' lang='lat'>.</span> <span class='ocrx_word' id='word_1_357' title='bbox 2181 3419 2193 3430; x_wconf 92' lang='lat'><strong>.</strong></span> <span class='ocrx_word' id='word_1_358' title='bbox 2230 3383 2307 3431; x_wconf 78' lang='lat' dir='ltr'>est</span> <span class='ocrx_word' id='word_1_359' title='bbox 2333 3379 2505 3446; x_wconf 82' lang='lat' dir='ltr'>error]</span> <span class='ocrx_word' id='word_1_360' title='bbox 2544 3377 2643 3429; x_wconf 87' lang='lat' dir='ltr'>wir</span> <span class='ocrx_word' id='word_1_361' title='bbox 2668 3377 2725 3429; x_wconf 94' lang='lat' dir='ltr'>in</span> <span class='ocrx_word' id='word_1_362' title='bbox 2754 3379 2877 3430; x_wconf 84' lang='lat' dir='ltr'>ent-</span> 
     </span>
     <span class='ocr_line' id='line_1_55' title="bbox 1694 3464 2871 3535; baseline -0.003 -15"><span class='ocrx_word' id='word_1_363' title='bbox 1694 3468 2129 3535; x_wconf 82' lang='lat' dir='ltr'>gegengesetzter</span> <span class='ocrx_word' id='word_1_364' title='bbox 2144 3467 2533 3535; x_wconf 81' lang='lat' dir='ltr'>Anschauung:</span> <span class='ocrx_word' id='word_1_365' title='bbox 2566 3466 2666 3533; x_wconf 86' lang='lat' dir='ltr'>„in</span> <span class='ocrx_word' id='word_1_366' title='bbox 2695 3464 2871 3518; x_wconf 89' lang='lat' dir='ltr'>einem</span> 
     </span>
     <span class='ocr_line' id='line_1_56' title="bbox 1695 3555 2746 3624; baseline -0.003 -14"><span class='ocrx_word' id='word_1_367' title='bbox 1695 3557 1894 3610; x_wconf 73' lang='lat' dir='ltr'>Irrtum</span> <span class='ocrx_word' id='word_1_368' title='bbox 1932 3557 2195 3624; x_wconf 87' lang='lat' dir='ltr'>befangen</span> <span class='ocrx_word' id='word_1_369' title='bbox 2234 3555 2407 3608; x_wconf 76' lang='lat' dir='ltr'>sein“.</span> <span class='ocrx_word' id='word_1_370' title='bbox 2448 3587 2516 3595; x_wconf 90' lang='lat'>—-</span> <span class='ocrx_word' id='word_1_371' title='bbox 2560 3561 2746 3624; x_wconf 77' lang='lat' dir='ltr'>patere</span> 
     </span>
     <span class='ocr_line' id='line_1_57' title="bbox 1696 3645 2874 3715; baseline -0.002 -17"><span class='ocrx_word' id='word_1_372' title='bbox 1696 3645 1997 3715; x_wconf 76' lang='lat' dir='ltr'>licentiam]</span> <span class='ocrx_word' id='word_1_373' title='bbox 2038 3645 2257 3698; x_wconf 91' lang='lat' dir='ltr'>bildlich</span> <span class='ocrx_word' id='word_1_374' title='bbox 2297 3645 2431 3699; x_wconf 86' lang='lat' dir='ltr'>nach</span> <span class='ocrx_word' id='word_1_375' title='bbox 2470 3645 2729 3713; x_wconf 83' lang='lat' dir='ltr'>Analogie</span> <span class='ocrx_word' id='word_1_376' title='bbox 2764 3661 2874 3698; x_wconf 85' lang='lat' dir='ltr'>von</span> 
     </span>
     <span class='ocr_line' id='line_1_58' title="bbox 1694 3732 2875 3802; baseline 0 -16"><span class='ocrx_word' id='word_1_377' title='bbox 1694 3732 1880 3786; x_wconf 77' lang='lat' dir='ltr'>aditus</span> <span class='ocrx_word' id='word_1_378' title='bbox 1908 3739 2090 3802; x_wconf 78' lang='lat' dir='ltr'>patet:</span> <span class='ocrx_word' id='word_1_379' title='bbox 2132 3734 2255 3801; x_wconf 82' lang='lat' dir='ltr'>„sei</span> <span class='ocrx_word' id='word_1_380' title='bbox 2280 3734 2426 3787; x_wconf 82' lang='lat' dir='ltr'>Thiir</span> <span class='ocrx_word' id='word_1_381' title='bbox 2460 3734 2569 3786; x_wconf 90' lang='lat' dir='ltr'>und</span> <span class='ocrx_word' id='word_1_382' title='bbox 2605 3733 2746 3788; x_wconf 85' lang='lat' dir='ltr'>Thor</span> <span class='ocrx_word' id='word_1_383' title='bbox 2780 3749 2875 3802; x_wconf 88' lang='lat' dir='ltr'>ge·</span> 
     </span>
     <span class='ocr_line' id='line_1_59' title="bbox 1694 3821 2875 3891; baseline -0.001 -15"><span class='ocrx_word' id='word_1_384' title='bbox 1694 3823 1927 3876; x_wconf 72' lang='lat' dir='ltr'>ofinet“.</span> <span class='ocrx_word' id='word_1_385' title='bbox 1966 3853 2036 3861; x_wconf 92' lang='lat'>—</span> <span class='ocrx_word' id='word_1_386' title='bbox 2073 3824 2220 3891; x_wconf 71' lang='lat' dir='ltr'>sunt]</span> <span class='ocrx_word' id='word_1_387' title='bbox 2261 3823 2411 3877; x_wconf 81' lang='lat' dir='ltr'>nicht</span> <span class='ocrx_word' id='word_1_388' title='bbox 2434 3828 2620 3889; x_wconf 76' lang='lat' dir='ltr'>essent,</span> <span class='ocrx_word' id='word_1_389' title='bbox 2661 3821 2779 3876; x_wconf 84' lang='lat' dir='ltr'>weil</span> <span class='ocrx_word' id='word_1_390' title='bbox 2808 3839 2875 3875; x_wconf 85' lang='lat' dir='ltr'>ea</span> 
     </span>
     <span class='ocr_line' id='line_1_60' title="bbox 1694 3911 2876 3980; baseline 0.002 -16"><span class='ocrx_word' id='word_1_391' title='bbox 1694 3928 1829 3980; x_wconf 81' lang='lat' dir='ltr'>quae</span> <span class='ocrx_word' id='word_1_392' title='bbox 1864 3928 2081 3964; x_wconf 79' lang='lat' dir='ltr'>summa</span> <span class='ocrx_word' id='word_1_393' title='bbox 2119 3917 2249 3964; x_wconf 72' lang='lat' dir='ltr'>sum</span> <span class='ocrx_word' id='word_1_394' title='bbox 2284 3928 2389 3964; x_wconf 90' lang='lat' dir='ltr'>nur</span> <span class='ocrx_word' id='word_1_395' title='bbox 2424 3912 2519 3966; x_wconf 88' lang='lat' dir='ltr'>das</span> <span class='ocrx_word' id='word_1_396' title='bbox 2555 3911 2682 3980; x_wconf 80' lang='lat' dir='ltr'>folg.</span> <span class='ocrx_word' id='word_1_397' title='bbox 2719 3929 2876 3966; x_wconf 78' lang='lat' dir='ltr'>sum·</span> 
     </span>
     <span class='ocr_line' id='line_1_61' title="bbox 1693 4000 2879 4068; baseline 0.002 -16"><span class='ocrx_word' id='word_1_398' title='bbox 1693 4017 1849 4052; x_wconf 84' lang='lat' dir='ltr'>mum</span> <span class='ocrx_word' id='word_1_399' title='bbox 1884 4005 2117 4053; x_wconf 78' lang='lat' dir='ltr'>naturae</span> <span class='ocrx_word' id='word_1_400' title='bbox 2152 4000 2352 4054; x_wconf 78' lang='lat' dir='ltr'>bonum</span> <span class='ocrx_word' id='word_1_401' title='bbox 2388 4000 2745 4068; x_wconf 71' lang='lat' dir='ltr'>umschreibt‚</span> <span class='ocrx_word' id='word_1_402' title='bbox 2794 4001 2879 4054; x_wconf 82' lang='lat' dir='ltr'>als-</span> 
     </span>
     <span class='ocr_line' id='line_1_62' title="bbox 1694 4087 2874 4144; baseline 0 -4"><span class='ocrx_word' id='word_1_403' title='bbox 1694 4087 1925 4142; x_wconf 87' lang='lat' dir='ltr'>welches</span> <span class='ocrx_word' id='word_1_404' title='bbox 1961 4089 2081 4142; x_wconf 89' lang='lat' dir='ltr'>dem</span> <span class='ocrx_word' id='word_1_405' title='bbox 2111 4088 2219 4144; x_wconf 90' lang='lat' dir='ltr'>Cic.</span> <span class='ocrx_word' id='word_1_406' title='bbox 2258 4089 2398 4142; x_wconf 86' lang='lat' dir='ltr'>nach</span> <span class='ocrx_word' id='word_1_407' title='bbox 2434 4090 2532 4142; x_wconf 90' lang='lat' dir='ltr'>der</span> <span class='ocrx_word' id='word_1_408' title='bbox 2567 4089 2742 4143; x_wconf 87' lang='lat' dir='ltr'>Lehre</span> <span class='ocrx_word' id='word_1_409' title='bbox 2780 4090 2874 4142; x_wconf 90' lang='lat' dir='ltr'>der</span> 
     </span>
     <span class='ocr_line' id='line_1_63' title="bbox 1694 4177 2870 4248; baseline 0 -17"><span class='ocrx_word' id='word_1_410' title='bbox 1694 4177 1901 4231; x_wconf 84' lang='lat' dir='ltr'>Stoiker</span> <span class='ocrx_word' id='word_1_411' title='bbox 1941 4178 2036 4230; x_wconf 85' lang='lat' dir='ltr'>das</span> <span class='ocrx_word' id='word_1_412' title='bbox 2072 4181 2255 4231; x_wconf 86' lang='lat' dir='ltr'>natur·</span> <span class='ocrx_word' id='word_1_413' title='bbox 2293 4179 2423 4232; x_wconf 88' lang='lat' dir='ltr'>oder</span> <span class='ocrx_word' id='word_1_414' title='bbox 2458 4181 2590 4248; x_wconf 85' lang='lat' dir='ltr'>(was</span> <span class='ocrx_word' id='word_1_415' title='bbox 2626 4179 2870 4234; x_wconf 86' lang='lat' dir='ltr'>dasselbe</span> 
     </span>
     <span class='ocr_line' id='line_1_64' title="bbox 1695 4264 2878 4336; baseline 0.003 -18"><span class='ocrx_word' id='word_1_416' title='bbox 1695 4264 1783 4334; x_wconf 81' lang='lat' dir='ltr'>ist)</span> <span class='ocrx_word' id='word_1_417' title='bbox 1822 4267 2314 4336; x_wconf 72' lang='lat' dir='ltr'>vernunflgem‘asse</span> <span class='ocrx_word' id='word_1_418' title='bbox 2362 4268 2541 4321; x_wconf 86' lang='lat' dir='ltr'>Leben</span> <span class='ocrx_word' id='word_1_419' title='bbox 2590 4267 2714 4336; x_wconf 83' lang='lat' dir='ltr'>gilt,</span> <span class='ocrx_word' id='word_1_420' title='bbox 2769 4266 2878 4335; x_wconf 82' lang='lat' dir='ltr'>vgl.</span> 
     </span>
    </p>
   </div>
  </div>
 </body>
</html>
