3175 4825
406 290 476 351 70
1197 294 1469 350 Ciceronis
1505 295 1719 349 Laelius
1757 295 1822 348 de
1862 295 2092 349 amicitia

419 454 649 518 verbio.
741 456 910 519 Nam
966 456 1274 539 implicati
1330 458 1501 522 ultro
1549 461 1617 522 et
1662 459 1820 522 citro
1868 459 1967 522 vel
2012 477 2135 522 usu
2181 458 2483 523 diuturno
2530 459 2631 523 vel
2678 460 2881 523 etiam

420 562 639 627 officiis
700 566 960 645 repente
1020 564 1084 626 in
1143 564 1350 628 medio
1407 584 1601 629 cursu
1648 566 1960 630 amicitias
2008 567 2228 630 exorta
2275 565 2489 646 aliqua
2536 565 2879 630 offensione

421 670 898 753 disrumpimuS.

307 761 400 823 ²3
599 775 739 856 Quo
809 778 1003 842 etiam
1071 778 1274 860 magis
1345 778 1766 861 vituperanda
1832 781 1932 843 est
1989 779 2080 843 rei
2141 779 2412 844 maxime
2481 778 2878 844 necessariae

334 848 398 892 ⁸⁶
421 886 606 948 tanta
649 884 910 947 incuria.
981 884 1126 949 Una
1173 888 1272 949 est
1319 886 1488 949 enim
1535 886 1816 949 amicitia
1861 886 1926 949 in
1972 887 2161 950 rebus
2206 886 2525 956 humanis,
2570 886 2647 950 de
2695 886 2877 950 cuius

424 991 702 1055 utilitate
763 1010 982 1056 omnes
1041 1012 1167 1057 uno
1223 1011 1330 1057 ore
1377 993 1819 1057 consentiunt:
1880 1011 2273 1074 quamquam
2321 1012 2359 1057 a
2403 994 2625 1057 multis
2672 992 2879 1057 virtus

423 1100 562 1182 ipsa
609 1099 1037 1163 contemnitur
1081 1101 1147 1163 et
1192 1100 1542 1164 venditatio
1575 1099 1892 1181 quaedam
1926 1101 2119 1181 atque
2152 1100 2495 1164 ostentatio
2543 1118 2681 1163 esse
2729 1099 2883 1163 dici-

424 1208 548 1269 tur.
625 1206 816 1270 Multi
862 1205 1117 1269 divitias
1164 1206 1558 1290 despiciunt„
1587 1225 1747 1287 quos
1792 1226 1988 1289 parvo
2036 1209 2363 1271 contentos
2411 1206 2624 1270 tenuis
2672 1206 2880 1270 victus

427 1313 767 1395 cultusque
816 1313 1126 1385 delectat;
1185 1314 1454 1377 honores
1515 1333 1691 1391 vero,
1753 1332 2025 1394 quorum
2083 1313 2430 1396 cupiditate
2479 1311 2740 1393 quidam
2785 1312 2883 1375 in-

424 1418 867 1496 flammantur,
929 1438 1123 1501 quam
1177 1420 1368 1483 multi
1412 1421 1508 1484 ita
1553 1423 1995 1497 contemnunt,
2056 1426 2131 1483 ut
2175 1420 2334 1483 nihil
2380 1419 2659 1495 inanius,
2720 1419 2885 1482 nihil

426 1545 565 1591 esse
596 1527 800 1590 levius
834 1528 1228 1591 existiment!
1278 1528 1560 1609 itemque
1594 1529 1824 1603 cetera,
1871 1546 2033 1608 quae
2067 1527 2447 1608 quibusdam
2481 1526 2883 1590 admirabilia

425 1634 750 1711 videntur,
797 1634 1100 1716 permulti
1145 1637 1298 1697 sunt
1347 1635 1455 1716 qui
1498 1654 1614 1716 pro
1656 1635 1855 1698 nihilo
1902 1637 2163 1716 putent:
2212 1634 2289 1697 de
2338 1633 2617 1697 amicitia
2663 1651 2883 1697 omnes

428 1739 509 1804 ad
547 1759 747 1804 unum
779 1741 949 1805 idem
983 1742 1285 1817 sentiunt,
1333 1744 1399 1805 et
1443 1742 1505 1818 ii,
1554 1742 1664 1822 qui
1712 1741 1791 1804 ad
1837 1760 1974 1805 rem
2006 1741 2325 1822 publicam
2358 1759 2425 1804 se
2458 1740 2884 1816 contulerunt,

428 1850 494 1911 et
538 1848 599 1924 ii,
649 1848 758 1928 qui
789 1867 999 1912 rerum
1033 1849 1387 1930 cognitione
1420 1849 1832 1929 doctrinaque
1863 1848 2281 1924 delectantur,
2328 1849 2393 1912 et
2436 1848 2498 1923 ii,
2546 1847 2654 1928 qui
2694 1866 2883 1910 suum

425 1955 753 2036 negotium
786 1958 1020 2037 gerunt
1050 1956 1251 2032 otiosi,
1296 1958 1617 2038 postremo
1663 1956 1726 2030 ii,
1774 1956 1883 2036 qui
1931 1973 1998 2019 se
2031 1957 2197 2018 totos
2230 1954 2634 2018 tradiderunt
2665 1953 2885 2035 volup-

425 2062 686 2138 tatibuS,
735 2063 868 2125 sine
903 2063 1182 2127 amicitia
1221 2064 1418 2126 vitam
1467 2082 1606 2127 esse
1653 2063 1918 2139 nullam,
1966 2063 2021 2126 si
2065 2061 2253 2126 modo
2302 2062 2500 2125 velint
2544 2062 2763 2143 aliqua
2810 2079 2886 2124 ex

332 2179 403 2224 8⁷
429 2173 612 2252 parte
644 2169 991 2233 liberaliter
1023 2171 1248 2234 vivere.
1328 2169 1540 2253 Serpit
1587 2170 1755 2233 enim
1802 2170 2013 2233 nescio
2063 2188 2185 2250 quo
2231 2168 2416 2231 modo
2456 2187 2567 2250 per
2598 2168 2885 2232 omnium

430 2279 594 2341 vitas
657 2278 937 2341 amicitia
995 2296 1111 2341 nec
1170 2278 1370 2342 ullam
1429 2278 1661 2341 aetatis
1708 2277 2031 2359 degendae
2078 2276 2389 2339 rationem
2443 2275 2689 2358 patitur
2744 2293 2884 2338 esse

429 2457 626 2512 sollen:
656 2456 948 2525 vorgethan
966 2456 1076 2508 und
1094 2454 1520 2508 nachbedacht“.
1535 2487 1602 2493 —

428 2548 572 2600 ultro
619 2551 668 2599 et
715 2547 871 2614 citro]
928 2544 1244 2611 „hiniiber
1289 2543 1397 2596 und
1447 2542 1603 2596 her-

431 2637 625 2690 iiber“.
683 2635 790 2690 Cic.
828 2634 1120 2703 gebraucht
1155 2635 1263 2686 fast
1300 2633 1437 2686 ohne
1466 2636 1603 2685 Aus-

430 2728 626 2781 nahme
673 2727 816 2779 ultro
863 2726 1020 2788 citm,
1071 2722 1164 2776 hie·
1209 2722 1329 2775 illic
1367 2740 1417 2774 u.
1457 2738 1498 2776 s.
1537 2739 1602 2774 w.

431 2819 580 2872 1110111
599 2815 954 2886 asyndetisch.
977 2846 1043 2853 —
1065 2814 1291 2883 officiis]
1322 2815 1605 2882 „qund-

429 2908 838 2962 schaftsdienste
850 2910 898 2960 “.

506 3087 657 3154 Καρ.
703 3085 796 3142 23.
884 3099 964 3143 86.
1025 3085 1138 3150 Quo
1186 3088 1354 3140 etiam
1401 3087 1604 3156 mayis]

431 3176 546 3229 Der
579 3176 925 3244 Komparativ
971 3194 1074 3244 quo
1121 3177 1300 3244 maqis
1347 3177 1418 3244 (d.
1455 3175 1508 3228 h.
1558 3181 1607 3228 et

430 3283 490 3319 eo
535 3266 737 3334 mayis)
774 3265 1202 3333 korrespondiert
1236 3264 1293 3316 in
1329 3264 1608 3319 ahnlicher

434 3354 617 3408 Weise
646 3353 744 3406 mit
768 3355 892 3406 dem
919 3351 1217 3421 Superlativ
1245 3353 1487 3406 maxime
1512 3371 1606 3407 ne-

430 3444 701 3497 cessariae
737 3443 837 3496 wie
865 3445 895 3511 ξ
922 3444 990 3497 19
1027 3443 1209 3496 maior
1243 3443 1343 3495 mit
1366 3448 1428 3495 ut
1454 3443 1607 3511 quis-

431 3551 532 3601 que
561 3533 812 3600 proxime
857 3532 965 3584 und
1011 3530 1135 3586 latst
1180 3517 1294 3585 sssioh
1331 3531 1432 3586 wie
1469 3535 1499 3601 ς
1535 3535 1607 3588 26

431 3621 834 3690 saepissime
861 3620 1006 3674 mihi
1032 3620 1296 3689 coqitanti
1319 3621 1608 3676 maxime

433 3710 580 3764 illud
624 3709 1078 3763 considerandum
1113 3711 1292 3764 videri
1323 3712 1451 3764 solet
1487 3715 1540 3780 (,,
1551 3711 1606 3779 je

433 3801 577 3854 61101
735 3799 884 3852 desto
922 3799 1138 3867 mehr“)
1187 3799 1265 3852 als
1315 3800 1402 3853 ein
1447 3801 1606 3869 abge-

433 3889 650 3941 kiirzter
667 3887 1079 3943 Korrelativsatz
1099 3889 1397 3942 auffassen:
1424 3889 1478 3957 je
1507 3907 1607 3942 un-

435 3976 834 4032 entbehrlicher
857 3979 953 4032 das
981 3977 1288 4032 Verhffltnis
1316 3978 1399 4045 ist,
1428 3995 1521 4031 um
1549 3994 1609 4032 so

434 4066 841 4121 tadelnswerter
880 4067 949 4121 ist
985 4066 1104 4122 01110
1142 4084 1200 4121 so
1236 4069 1412 4136 grosse
1449 4067 1607 4136 Sorg-

435 4155 679 4225 losigkeit
713 4156 1051 4210 hinsichtlich
1089 4156 1383 4210 desselben.
1452 4163 1610 4210 tanta

423 4245 664 4300 incuria
709 4246 863 4300 weist
907 4247 1002 4299 auf
1037 4245 1122 4299 die
1161 4246 1296 4299 eben
1335 4246 1609 4300 erwiihnte

433 4337 767 4407 ozeyleqentia
831 4336 1044 4389 zuriiek.
1111 4367 1178 4374 -—
1252 4337 1607 4404 quamquam]

1714 2454 2087 2524 „gleichwohl‚
2126 2453 2235 2506 und
2272 2452 2468 2505 doch“.
2533 2452 2726 2504 Dieser
2762 2451 2885 2504 Satz

1712 2544 1839 2599 lasst
1885 2544 1972 2597 die
2020 2532 2549 2609 I'Tbereinstimmung
2597 2541 2735 2594 iiber
2781 2540 2883 2593 den

1712 2635 1871 2687 Wert
1906 2634 2002 2686 der
2031 2631 2425 2686 Freundschaft
2459 2647 2552 2684 um
2590 2645 2647 2683 so
2686 2630 2886 2683 bedeu-

1713 2721 2044 2792 tungsvoller
2089 2721 2420 2775 erscheinen.
2473 2752 2540 2759 —
2592 2718 2889 2773 venditatio

1714 2812 1979 2881 quaedam
2014 2815 2170 2879 atque
2197 2809 2499 2878 ostentatio]
2538 2807 2732 2875 „eine
2770 2810 2889 2860 Art

1715 2918 1819 2955 von
1869 2899 2235 2955 Grossthuerei
2285 2899 2393 2952 und
2441 2898 2778 2952 Prahlerei“.
2818 2931 2887 2938 —

1712 2993 1885 3046 victus
1934 2991 2227 3059 cultusque]
2280 3007 2325 3042 v.
2366 2989 2480 3042 be2.
2519 2988 2632 3042 sich
2670 2988 2889 3056 speziell

1715 3082 1809 3136 auf
1834 3081 1918 3133 die
1948 3080 2221 3147 Nam-ung,
2259 3079 2361 3131 den
2394 3077 2888 3145 Lebensunterhalt,

1714 3189 1757 3224 0.
1798 3171 1891 3224 auf
1921 3169 2203 3237 Kleidung‚
2242 3167 2549 3236 Wohnung,
2587 3166 2889 3235 iiberhaupt

1716 3261 1809 3314 auf
1846 3259 1931 3312 die
1968 3259 2179 3313 {iussere
2216 3255 2779 3324 Lebenseinrichtuug.
2820 3289 2887 3295 —

1713 3349 1853 3418 vero]
1904 3347 2185 3416 steigernd.
2238 3378 2305 3385 -
2354 3363 2541 3398 rerum
2588 3345 2891 3413 ooyvzitione

1714 3437 2083 3506 doctrinaque]
2151 3433 2705 3502 „wissenschaftliche
2760 3435 2889 3488 For-

1715 3528 1979 3595 schung“.
2034 3557 2100 3564 —
2149 3524 2423 3593 neqotiwm
2466 3529 2661 3592 yet-unt
2696 3523 2888 3592 ostiosi]

1716 3616 1803 3669 ein
1854 3616 2158 3684 Oxymoron
2209 3616 2259 3684 (ἓ
2306 3615 2375 3668 22
2424 3631 2467 3666 2.
2516 3614 2631 3680 Α.);
2686 3612 2891 3666 otiosus

1717 3706 1863 3772 „frei
1914 3721 2017 3758 von
2067 3703 2551 3771 Staatsgeschaften
2566 3706 2613 3767 “,
2664 3701 2770 3770 vgl.
2824 3719 2892 3755 zu

1717 3797 1747 3864 ξ
1779 3797 1861 3849 16.
1900 3825 1969 3832 -
2006 3793 2177 3846 vitam
2212 3810 2322 3845 esse
2358 3792 2592 3860 nullam]
2631 3791 2737 3860 vgl.
2766 3793 2892 3860 §22

1716 3884 1817 3952 qui
1842 3888 2013 3952 potest
2047 3900 2157 3936 esse
2194 3881 2307 3935 vita
2334 3879 2563 3934 vitalis?
2613 3880 2889 3946 Goethe,

1715 3974 1891 4040 TaSSO‚
1912 3973 1977 4024 V.
1998 3972 2119 4038 Akt,
2147 3974 2197 4026 2.
2228 3971 2343 4025 Sc:
2384 3971 2600 4037 „Wenu
2628 3969 2716 4022 ich
2743 3969 2893 4022 nicht

1716 4061 1908 4116 sinnen
1946 4062 2073 4115 oder
2117 4061 2331 4114 dichten
2380 4059 2506 4127 soll,
2558 4058 2628 4113 So
2679 4058 2748 4111 ist
2798 4058 2893 4112 das

1717 4153 1899 4207 Leben
1937 4152 2041 4204 mir
2076 4151 2197 4205 kein
2233 4150 2416 4204 Leben
2452 4149 2658 4202 1110111·.“

1792 4256 1874 4300 8¹1.
1908 4241 2106 4310 Serpit]
2127 4241 2239 4294 bez.
2261 4239 2347 4293 die
2366 4237 2735 4291 unmerkliche
2755 4239 2895 4291 Aus-

1718 4333 1980 4401 breitung.
2040 4363 2107 4370 —-
2162 4329 2357 4384 aetatis
2406 4327 2666 4396 degendae
2723 4325 2899 4379 ratio-
