3175 4825
1349 324 1390 360 c.
1439 310 1667 362 22—24.
2668 309 2735 369 71

270 471 599 552 expertem
647 469 764 533 sui.
842 467 1011 547 Quin
1060 470 1253 533 etiam
1302 470 1355 533 si
1389 470 1530 551 quis
1565 471 1907 553 asperitate
1956 488 2031 534 ea
2078 473 2176 534 est
2224 474 2288 535 et
2332 470 2735 537 immanitate

273 578 563 653 naturae,
610 594 988 658 congressus
1037 579 1110 639 ut
1139 577 1468 640 hominum
1501 576 1707 659 fugiat
1741 580 1933 659 atque
1968 577 2186 653 oderit,
2234 578 2490 659 qualem
2536 577 2733 643 fuisse

273 682 546 747 Athenis
577 683 906 747 Timonem
936 684 1147 748 nescio
1181 702 1370 764 quem
1404 685 1781 767 accepimUS‚
1828 686 2044 748 tamen
2092 684 2146 747 is
2193 684 2325 767 pati
2357 703 2482 748 non
2514 686 2733 767 possit,

273 792 351 853 ut
395 809 523 854 non
557 791 856 871 anquirat
888 790 1185 872 aliquem,
1233 790 1400 873 apud
1435 809 1625 871 quem
1661 793 1916 855 evomat
1944 791 2117 854 virus
2151 791 2513 855 acerbitatis
2562 810 2731 856 suae.

271 899 486 978 Atque
534 897 655 960 hoc
698 897 970 961 maxime
1017 897 1433 973 iudicaretur,
1481 898 1535 961 si
1583 897 1734 978 quid
1781 898 1911 962 tale
1958 900 2175 980 posset
2219 897 2611 979 contingere,
2658 900 2732 961 ut

269 1004 507 1085 aliquis
554 1022 668 1067 nos
717 1004 874 1067 deus
923 1022 997 1067 ex
1043 1004 1165 1067 hac
1208 1003 1542 1067 hominum
1579 1003 1939 1085 frequentia
1986 1005 2242 1068 tolleret
2288 1006 2353 1068 et
2398 1004 2464 1067 in
2512 1005 2733 1069 solitu-

274 1110 423 1174 dine
471 1110 721 1192 uspiam
755 1110 1092 1174 collocaret
1125 1112 1318 1191 atque
1365 1111 1452 1174 ibi
1499 1112 1913 1194 suppeditans
1960 1111 2245 1175 omnium
2290 1129 2523 1187 rerum,
2572 1129 2731 1191 quas

275 1219 510 1280 natura
569 1216 916 1293 desiderat,
977 1217 1436 1280 abundantiam
1492 1219 1558 1281 et
1614 1218 1858 1300 copiam
1904 1218 2179 1281 hominis
2226 1218 2479 1281 omnino
2527 1217 2735 1299 adspi-

269 1323 485 1388 ciendi
514 1326 900 1406 potestatem
934 1324 1237 1406 eriperet:
1287 1324 1430 1405 quis
1478 1326 1614 1387 tam
1664 1326 1834 1388 esset
1880 1324 2141 1401 ferreuS,
2191 1324 2299 1405 qui
2347 1342 2489 1388 cam
2534 1324 2734 1387 vitam

272 1430 442 1494 ferre
487 1432 702 1513 posset
749 1430 977 1512 cuique
1024 1449 1150 1493 non
1198 1429 1479 1494 auferret
1507 1430 1789 1495 fructum
1819 1431 2229 1514 voluptatum
2260 1431 2541 1494 omnium
2592 1430 2733 1495 soli-

273 1537 480 1600 tudo?
557 1536 801 1600 Verum
835 1556 981 1619 ergo
1014 1537 1170 1600 illud
1207 1540 1322 1613 est,
1371 1537 1539 1618 quod
1589 1556 1629 1600 a
1660 1538 1999 1601 Tarentino
2033 1538 2330 1618 Archyta,
2378 1539 2451 1600 ut
2497 1538 2735 1620 opinor,
2757 1554 2823 1600 ss

270 1644 401 1707 dici
460 1644 719 1707 solitum
778 1645 1030 1707 nostros
1089 1662 1270 1708 senes
1332 1663 1829 1711 commemorare
1891 1644 2104 1707 audivi
2164 1644 2242 1707 ab
2290 1644 2431 1707 aliis
2479 1644 2734 1707 senibus

271 1750 603 1814 auditum:
665 1751 765 1826 „si
827 1751 968 1831 quis
1015 1750 1080 1813 in
1126 1752 1375 1814 caelum
1421 1751 1855 1815 adscendisset
1899 1754 2327 1831 naturamque
2386 1750 2610 1814 mundi
2670 1753 2736 1815 et

273 1857 816 1940 pulchritudinem
866 1857 1148 1921 siderum
1189 1858 1631 1940 perspexisset,
1676 1858 2008 1921 insuavem
2038 1858 2219 1922 illam
2252 1857 2736 1921 admirationem

271 1965 336 2027 ei
384 1963 550 2037 fore;
613 1983 774 2046 quae
821 1964 1280 2027 iucundissima
1326 1963 1580 2040 fuisset,
1642 1965 1696 2027 si
1744 1964 2049 2046 aliquem,
2096 1964 2199 2028 cui
2244 1967 2563 2040 narraret,
2622 1964 2737 2027 ha-

273 2071 575 2135 buisset.“
664 2070 768 2135 Sic
816 2074 1047 2134 natura
1095 2072 1450 2135 solitarium
1497 2071 1657 2134 nihil
1705 2074 1880 2133 amat
1927 2089 2301 2152 semperque
2350 2070 2429 2133 ad
2478 2070 2733 2151 aliquod

271 2181 612 2258 tamquam
661 2178 1118 2241 adminiculum
1167 2178 1493 2253 adnititur,
1543 2177 1709 2262 quod
1756 2178 1820 2240 in
1869 2178 2249 2241 amicissimo
2298 2196 2546 2258 quoque
2594 2177 2736 2240 dul-

268 2285 608 2348 cissimum
656 2287 771 2347 est.

459 2390 580 2456 Sed
645 2412 791 2455 cum
852 2394 949 2455 tot
1012 2392 1208 2473 signis
1270 2390 1490 2455 eadem
1537 2394 1771 2455 natura
1818 2389 2122 2466 declaret,
2186 2390 2335 2471 quid
2384 2390 2563 2467 velit,
2625 2392 2843 2454 ὃτι-24

269 2501 517 2580 quirat,
576 2499 916 2574 desideret,
974 2499 1189 2562 tamen
1239 2499 1749 2562 obsurdescimus
1796 2498 2006 2561 nescio
2056 2517 2180 2579 quo
2228 2497 2413 2561 modo
2471 2516 2587 2560 nec
2644 2516 2735 2572 ea,

271 2730 421 2797 nem]
476 2728 604 2781 oder
644 2745 815 2796 yenus
863 2725 893 2793 ,',
911 2729 1278 2781 Lebensberuf
1293 2732 1340 2779 “.
1382 2761 1448 2767 -

263 2822 537 2886 expertem
589 2817 707 2886 sui]
765 2817 1225 2883 „unbeeinflusst,
1283 2817 1450 2870 unbe-

275 2907 492 2959 riihrt“.
533 2939 596 2945 —
651 2906 940 2975 asperitate
979 2947 990 2959 .
1015 2947 1025 2958 .
1050 2947 1061 2958 .
1099 2912 1147 2958 et
1182 2907 1450 2958 immani-

265 3001 382 3049 tate
416 2997 670 3065 naturae]
725 2995 1135 3062 „abstossendes
1176 3035 1186 3046 .
1212 3035 1222 3046 .
1248 3035 1258 3046 .
1299 3011 1450 3048 men-

268 3084 762 3138 schenfeindliches
799 3085 1061 3136 Wesen“.
1103 3115 1169 3122 —-
1208 3101 1450 3152 corcyras-

263 3176 392 3243 sus]
446 3174 544 3226 mit
579 3173 900 3227 Nachdruck
951 3173 1342 3241 vorangestellt.
1383 3205 1450 3214 -—-

283 3264 578 3332 R‘mcmem]
607 3262 942 3330 Zeitgenosse
962 3263 1056 3315 des
1075 3261 1337 3329 SokrateS,
1357 3262 1454 3315 der

262 3354 454 3422 'Typus
484 3352 630 3405 eines
656 3357 1076 3426 μισάνθρωπος.
1133 3351 1290 3405 Seine
1329 3367 1450 3404 son-

265 3443 410 3510 stige
438 3440 859 3496 Personlichkeit
895 3441 1028 3492 wird
1065 3440 1236 3493 durch
1271 3439 1450 3493 nescio

262 3548 433 3600 quem
468 3530 568 3583 mit
604 3529 1092 3597 Geringschatzung
1137 3528 1215 3581 als
1251 3528 1450 3596 gleich-

269 3620 446 3689 gultig
480 3618 808 3673 bezeichnet.
851 3651 918 3658 —-
957 3617 1085 3687 pati
1117 3635 1230 3670 non
1259 3617 1449 3686 possit,

264 3715 334 3762 ,ut
360 3711 492 3778 non]
533 3707 1008 3762 nachdriicklicher
1036 3706 1112 3760 als
1138 3707 1314 3774 facere
1341 3724 1453 3759 non

261 3817 325 3867 p.
355 3797 508 3867 quin.
540 3829 607 3836 ——
645 3798 742 3850 hoc
773 3838 784 3849 .
808 3838 854 3849 ..
888 3797 1244 3866 iudicaretur]
1285 3812 1452 3862 „man

275 3889 459 3940 wiirde
498 3905 564 3940 zu
600 3887 722 3940 dem
759 3885 934 3939 Urteil
971 3885 1294 3954 gelangen“‚
1336 3885 1452 3939 dass

259 3976 508 4030 mamlich
536 3976 633 4029 der
655 3974 879 4028 Mensch
907 3975 1002 4027 auf
1027 3975 1130 4027 den
1158 3974 1451 4027 Menschen

273 4064 610 4134 augewiesen
667 4063 760 4117 sei.
819 4095 887 4104 -
951 4063 1352 4117 abundantiam
1403 4067 1452 4115 et

259 4155 512 4224 copiam]
567 4153 924 4220 „iiberreiche
961 4152 1174 4206 Fiille“.
1228 4183 1294 4192 —-
1343 4151 1450 4218 fer-

271 4262 398 4297 reus
447 4284 458 4296 .
483 4284 494 4296 .
519 4284 530 4295 .
580 4242 722 4310 ferre
901 4242 1158 4311 auferret]
1215 4240 1451 4294 Beachte

260 4334 368 4386 das
417 4331 588 4388 durch
639 4331 785 4384 diese
823 4332 866 4384 P
879 4348 909 4385 a
924 4347 994 4384 ro
1007 4349 1044 4383 n
1057 4347 1088 4384 o
1103 4348 1155 4383 m
1170 4347 1201 4384 a
1214 4330 1269 4383 si
1285 4347 1316 4383 e
1366 4346 1450 4383 er-

1559 2727 1763 2780 reichte
1813 2727 2009 2780 schone
2059 2726 2375 2794 Wortspiel,
2432 2725 2535 2794 vgl.
2588 2728 2617 2794 ξ
2664 2727 2735 2780 64

1558 2834 1667 2869 am.
1708 2821 1881 2870 certus
1919 2816 1984 2868 in
2021 2833 2077 2868 re
2113 2816 2322 2868 ineerta
2358 2814 2614 2868 cernitur.

1569 2929 1573 2933 ·
1626 2918 1707 2962 88.
1726 2905 1990 2976 Archyta]
2003 2905 2383 2972 Pythagoreer,
2397 2904 2610 2972 Zeitgen
2616 2920 2734 2956 osse

1559 2995 1669 3047 und
1680 2993 1892 3047 Freund
1903 2993 2098 3046 Platos.
2122 3025 2183 3032 —
2200 2998 2261 3045 ut
2278 2993 2491 3061 opinor]
2515 3033 2546 3059 „
2558 2992 2731 3061 glaub’

1559 3083 1646 3136 ich
1660 3085 1707 3149 “,
1736 3085 1853 3150 sagt
1876 3081 1985 3137 Cic.
2012 3082 2299 3135 besonders
2326 3098 2459 3150 gem
2487 3081 2573 3134 bei
2593 3081 2733 3135 cita-

1560 3175 1651 3225 ten
1668 3212 1681 3238 ,
1722 3189 1812 3224 um
1848 3172 1951 3224 den
1988 3170 2461 3238 Scheingelehrten
2489 3169 2734 3223 Wissens

1561 3279 1629 3314 zu
1647 3260 1969 3314 vermeiden.
1995 3292 2058 3300 —
2079 3261 2147 3312 ab
2166 3260 2301 3312 aliis
2324 3259 2546 3312 senibus
2570 3260 2733 3312 audi-

1560 3352 1698 3419 tum]
1737 3350 1807 3402 ist
1842 3349 1941 3402 wie
1978 3349 2097 3402 dici
2118 3349 2343 3402 solitum
2369 3349 2453 3401 ins
2480 3348 2639 3402 Aktiv
2668 3366 2735 3402 zu

1560 3438 1917 3504 verwandeln,
1948 3439 2054 3491 und
2077 3454 2219 3490 zwar
2235 3437 2292 3489 in
2311 3437 2469 3491 Form
2494 3437 2641 3491 eines
2667 3454 2735 3491 an

1557 3545 1707 3581 senes
1723 3528 1836 3581 sich
1853 3527 2317 3582 anschliessenden
2327 3525 2732 3580 Relativsatzes:

1561 3617 1808 3686 „welche
1846 3616 2011 3669 selbst
2046 3615 2245 3669 wieder
2282 3656 2294 3667 .
2318 3657 2328 3667 .
2354 3619 2419 3668 .“.
2461 3647 2526 3655 —
2575 3616 2731 3684 aliis]

1559 3708 1611 3760 d.
1645 3707 1697 3760 h.
1736 3707 1886 3760 einer
1921 3707 2178 3758 friiheren
2218 3705 2538 3758 Generation
2574 3722 2733 3773 ange-

1560 3795 1795 3864 horigen.
1819 3826 1885 3833 —
1915 3794 2219 3863 insuavem]
2250 3795 2432 3861 „ohne
2451 3793 2580 3847 Reiz
2594 3798 2641 3844 “.
2670 3825 2733 3834 —

1558 3884 1721 3936 illam
1764 3883 2210 3951 admirationem]
2264 3885 2328 3936 st.
2376 3883 2607 3936 illarum
2650 3899 2734 3935 re-

1558 3990 1702 4026 rum.
1745 4005 1812 4012 —
1846 3972 1904 4024 si
1936 3973 2195 4040 aliquem]
2236 3988 2303 4025 zu
2340 3974 2369 4040 ξ
2406 3973 2490 4026 27.
2532 4003 2598 4010 -
2636 3972 2733 4024 ad-

1558 4062 1783 4130 nititur]
1813 4061 1914 4114 wie
1941 4061 2026 4114 die
2054 4061 2236 4114 Ranke
2264 4061 2359 4113 des
2378 4059 2732 4112 WeinstockS.

1634 4240 1786 4307 Καρ.
1828 4240 1930 4297 24.
2005 4237 2183 4291 nescio
2221 4255 2323 4306 quo
2360 4237 2536 4305 modo]
2589 4253 2733 4302 „un-

1559 4327 1936 4395 begreiflicher
1947 4358 1970 4368 -
1982 4368 1995 4392 ,
2071 4324 2671 4394 eigentiimlicherweise
2683 4327 2735 4389 “,
