3175 4825
1455 347 1588 383 0..

2681 327 2755 388 35

293 494 644 558 volentiam
677 493 1084 558 consuetudo.
1157 492 1281 557 Sed
1316 511 1708 574 quamquam
1742 493 2054 556 utilitates
2085 492 2328 557 multae
2376 494 2444 557 et
2480 510 2753 574 magnae

291 601 673 665 consecutae
721 604 900 675 sunt,
959 618 1086 663 non
1145 601 1299 663 sunt
1356 602 1571 664 tamen
1621 599 1701 663 ab
1748 618 1969 663 earum
2016 618 2127 681 spe
2174 617 2403 664 causae
2451 597 2755 680 diligendi

295 704 637 789 profectae.
713 707 807 772 Ut
853 708 1023 771 enim
1069 706 1332 771 benefici
1376 706 1799 788 liberalesque
1848 725 2091 783 sumuS,
2136 725 2261 770 non
2309 708 2383 769 ut
2428 706 2753 787 exigamus
2776 724 2837 767 st

291 815 573 895 gratiam
619 814 852 897 (neque
901 814 1071 879 enim
1118 812 1492 877 beneficium
1538 812 1966 888 faeneramun
2024 811 2135 877 sed
2180 814 2414 876 natura
2458 811 2752 895 propensi

292 921 377 984 ad
437 920 886 985 liberalitatem
934 918 1212 1001 sumus),
1272 920 1363 984 sic
1423 919 1878 983 amicitiam
1941 938 2095 983 non
2156 938 2293 1001 spe
2350 917 2751 983 mercedis

293 1027 666 1104 adducti,
727 1027 864 1092 sed
928 1027 1132 1107 quod
1193 1026 1457 1090 omnis
1505 1026 1681 1089 eius
1727 1026 2053 1089 fructus
2112 1026 2193 1089 in
2252 1026 2427 1108 ipso
2487 1043 2752 1089 amore

289 1135 549 1211 inest,
597 1133 1144 1217 expetendam
1189 1137 1593 1215 putamus.
1668 1133 1766 1197 Ab
1811 1132 1930 1209 hie,
1979 1133 2089 1214 qui
2132 1131 2448 1215 pecudum
2493 1132 2625 1195 ritu
2673 1130 2841 1195 adan

291 1241 690 1325 voluptatem
753 1241 965 1305 omnia
1028 1239 1340 1317 referunt,
1401 1241 1585 1321 longe
1633 1239 2047 1316 dissentiunt,
2099 1258 2219 1304 nec
2264 1239 2533 1302 mirum:
2593 1239 2755 1302 nihil

289 1348 466 1411 enim
513 1348 748 1425 altum,
801 1348 955 1411 nihil
1006 1346 1417 1428 magnificum
1467 1364 1541 1411 ac
1587 1346 1873 1411 divinum
1921 1347 2241 1429 suspicere
2287 1347 2582 1427 possunt,
2643 1346 2754 1428 qui

289 1473 447 1519 suas
493 1474 714 1520 omnes
762 1455 1180 1536 cogitationes
1228 1453 1597 1518 abiecerunt
1647 1454 1715 1517 in
1767 1472 1905 1517 rem
1950 1457 2087 1517 tam
2132 1453 2443 1516 humilem
2489 1455 2751 1534 tamque

288 1563 744 1644 contemptam.
837 1559 1047 1639 Quam
1105 1561 1184 1624 ob
1242 1579 1379 1624 rem
1437 1559 1552 1623 hos
1610 1560 1869 1641 quidem
1924 1560 2003 1625 ab
2048 1560 2167 1624 hoc
2213 1578 2501 1623 sermone
2549 1577 2753 1623 remo-

290 1687 574 1745 veamu8‚
621 1669 743 1751 ipsi
789 1671 1007 1732 autem
1053 1668 1508 1748 intellegamus
1553 1668 1788 1730 natura
1834 1668 2007 1749 gigni
2047 1686 2308 1731 sensum
2340 1664 2642 1747 diligendi
2686 1666 2753 1730 et

291 1950 724 2004 nachzuahmen:
779 1950 1015 2017 „erhoht
1050 1950 1144 2003 hat
1181 1990 1192 2001 .
1217 1992 1228 2003 .
1252 1952 1318 2003 .“.
1393 1950 1471 2003 Zu

285 2040 416 2093 dem
446 2039 733 2094 Gedanken
759 2038 864 2108 vgl.
905 2039 1043 2093 oben
1078 2042 1109 2109 ξ
1145 2042 1216 2095 29
1251 2055 1467 2107 quamq.

285 2129 657 2197 confimatur-
691 2146 851 2181 amor
886 2130 988 2182 etc.
1029 2160 1097 2167 —-
1147 2146 1347 2181 causae
1385 2169 1396 2180 .
1420 2169 1432 2181 .
1455 2168 1467 2180 .

280 2218 578 2287 profectae]
617 2233 658 2270 s,
700 2235 768 2271 zu
796 2218 1040 2286 profecta
1077 2220 1107 2286 ἓ
1144 2219 1228 2272 26.

368 2321 395 2362 s
411 2321 452 2360 ι.
480 2324 594 2360 mm
619 2312 680 2359 ut
697 2306 980 2375 eoeiyamus
994 2307 1260 2376 qratiam]
1289 2305 1468 2359 Deuk-

289 2396 390 2450 bar
435 2395 699 2450 schfirfste
735 2394 1118 2464 Verurteilung
1152 2396 1248 2450 des
1283 2394 1468 2464 Egois-

289 2501 412 2540 mus
448 2486 506 2539 in
541 2487 641 2540 der
667 2486 1074 2553 Freundschaft,
1111 2485 1215 2554 vgl.
1245 2485 1327 2539 De
1359 2487 1466 2539 nat.

283 2576 436 2628 deor.
475 2575 519 2642 Ι,
557 2577 644 2641 44,
685 2576 814 2630 122:
870 2591 1023 2644 „non
1061 2575 1163 2628 erit
1196 2575 1301 2628 ista
1335 2574 1468 2628 ami-

287 2663 416 2718 citia
431 2704 445 2730 ,
507 2665 601 2717 sed
655 2667 956 2718 mercatura
1010 2665 1264 2733 quaedam
1320 2663 1468 2717 utili-

283 2755 464 2807 tatum
495 2755 772 2807 suarum“.
837 2754 1044 2822 eoeiyere
1077 2753 1149 2806 ist
1183 2753 1469 2808 stehender

286 2843 485 2896 Ausdr.
536 2859 660 2896 vom
697 2843 1009 2896 Eintreiben
1057 2842 1209 2896 einer
1243 2841 1465 2898 Schuld-

283 2932 586 3000 forderung
619 2949 672 2986 u.
701 2931 832 2985 wird
868 2931 1036 2985 durch
1076 2932 1171 2985 das
1207 2931 1466 3000 schimpf-

283 3021 431 3075 liche
466 3021 773 3088 thamari,
825 3020 1055 3074 welches
1101 3020 1180 3074 als
1214 3021 1467 3073 sordidus

282 3115 543 3179 quae-sm
578 3109 704 3179 gast,
741 3109 826 3163 ins
854 3110 1038 3163 rechte
1065 3108 1224 3162 Licht
1247 3110 1464 3177 gesetzt.

283 3201 403 3254 Der
439 3200 560 3268 GgS.
602 3216 671 3252 zu
703 3216 817 3252 non
853 3203 915 3252 ut
949 3198 1084 3266 my.
1118 3215 1200 3266 qr.
1251 3197 1323 3251 ist
1369 3197 1471 3250 mit

285 3290 347 3342 in
384 3289 472 3343 die
507 3288 836 3343 Parenthese
872 3303 1123 3356 gezogen.

365 3391 448 3434 ³2.
496 3378 580 3432 Ab
627 3378 717 3431 his
917 3378 1068 3445 lonye
1113 3376 1465 3446 dissentiunt]

283 3468 553 3537 „hiermit
599 3467 718 3537 (mit
764 3467 948 3520 diesen
984 3465 1299 3534 Ansichten)
1347 3464 1467 3518 sind

281 3573 388 3628 gar
420 3556 571 3611 nicht
601 3556 1072 3610 einverstanden“.
1136 3554 1247 3609 Das
1272 3553 1464 3608 Neutr.

283 3647 438 3702 Plur.
495 3646 569 3699 im
625 3645 792 3701 Casus
858 3643 1102 3714 obliquus
1154 3643 1255 3697 wie
1309 3646 1340 3711 ς)
1395 3643 1468 3698 50

279 3736 586 3796 similium,
624 3735 706 3789 De
743 3751 855 3788 sen.
885 3734 929 3802 Ι,
957 3736 1020 3789 3:
1062 3773 1093 3800 ‚‚
1105 3733 1170 3787 de
1209 3731 1403 3786 ceteris
1414 3735 1464 3799 “,

284 3843 378 3881 am
411 3825 704 3894 wenigsten
741 3823 998 3892 ansffil'sig
1031 3822 1088 3874 in
1116 3821 1467 3890 Verbindung

284 3915 390 3969 mit
423 3914 616 3968 omm'a
665 3931 708 3967 z.
748 3913 810 3966 Β.
849 3913 932 3966 De
967 3912 1064 3965 fin.
1103 3913 1160 3979 Ι,
1213 3913 1312 3975 20,
1364 3913 1462 3966 70:

282 4005 530 4076 „quibus
557 4020 626 4058 ex
655 4002 957 4056 omnibus“.
988 4034 1056 4042 —
1086 4001 1466 4070 quipoeudum

279 4095 406 4150 ritu
444 4135 455 4146 .
492 4135 549 4146 ..
597 4093 856 4161 referunt]
909 4107 982 4144 sc.
1033 4090 1321 4160 Epicurei,
1374 4090 1468 4142 aus

277 4184 373 4239 die
411 4183 551 4238 auch
585 4185 617 4252 ξ
652 4184 726 4238 20
771 4181 938 4235 multi
970 4180 1139 4234 etiam
1172 4180 1466 4248 voluptates

279 4275 684 4343 (praeponunt).
758 4271 1059 4325 Belum‘tcm
1105 4271 1202 4324 hoc
1248 4268 1468 4338 quidem

275 4367 584 4418 anto-mnam
621 4363 874 4430 gemiinzt
910 4360 992 4414 ist.
1068 4359 1214 4414 Aber
1249 4375 1308 4413 so
1335 4356 1466 4426 grob

1576 1949 1826 2017 sinnlich,
1864 1948 1963 2002 wie
2001 1964 2126 2000 man
2162 1947 2420 2001 hiernach
2448 1947 2751 2001 annehmen

1576 2038 1749 2105 sollte,
1787 2054 1899 2093 war
1932 2038 2049 2090 ihre
2076 2035 2249 2090 Lehre
2273 2035 2451 2103 nicht3
2488 2035 2753 2089 vielmehr

1576 2144 1689 2181 war
1713 2128 1800 2181 die
1828 2128 1976 2193 Lust‚
2012 2125 2099 2179 die
2136 2124 2213 2178 sie
2240 2126 2335 2177 fiir
2358 2125 2463 2178 den
2490 2124 2752 2178 hochsten

1577 2216 1765 2270 Zweck
1802 2215 2083 2282 erklartem
2131 2214 2217 2268 die
2254 2212 2752 2282 Schmerzlosigkeit

1576 2306 1672 2359 des
1708 2306 1943 2373 Korpers
1987 2304 2098 2357 und
2143 2303 2228 2356 die
2266 2302 2621 2356 Gemiitsruhe
2657 2303 2752 2357 des

1577 2394 1799 2450 Geistes.
1830 2426 1899 2434 —
1935 2392 2085 2448 nihil
2110 2392 2262 2446 enim
2287 2392 2482 2461 altum]
2509 2418 2576 2436 =
2602 2390 2755 2446 nihil

1575 2485 1719 2553 quod
1765 2485 1943 2538 altum
1987 2483 2077 2536 sit.
2150 2481 2264 2536 Der
2312 2481 2434 2550 Ggs.
2485 2480 2753 2535 erscheint

1575 2575 1761 2642 strong
1822 2571 2211 2640 durchgefiihrt
2272 2569 2471 2625 sowohl
2534 2570 2591 2622 in
2645 2571 2752 2623 den

1576 2663 1834 2716 einander
1899 2659 2356 2730 entsprechenden
2429 2659 2749 2727 metaphori-

1575 2751 1742 2806 schen
1777 2751 2129 2806 Ausdriicken
2174 2750 2349 2803 altum
2386 2790 2398 2801 .
2432 2789 2443 2802 .
2479 2789 2490 2801 .
2528 2748 2747 2814 humile,

1573 2840 1847 2909 suspicere
1902 2840 2050 2908 „den
2097 2838 2252 2892 Blick
2306 2838 2583 2892 erheben“
2639 2854 2747 2906 ουρ.

1574 2929 1784 2982 abicere
1803 2928 2184 2997 „niederwiirts
2204 2926 2428 2994 richten,
2448 2927 2546 2980 mit
2562 2926 2750 2980 seinen

1575 3018 1862 3072 Godanken
1915 3016 2313 3071 herabsinken“
2368 3015 2447 3069 als
2501 3016 2639 3069 auch
2693 3017 2750 3068 in

1574 3107 1672 3160 der
1720 3107 2006 3176 Anaphora
2054 3106 2141 3160 bei
2196 3106 2319 3159 dem
2373 3103 2751 3159 erlauternden

1576 3196 1767 3250 Zusatz
1818 3213 1886 3249 zu
1933 3196 2035 3248 den
2089 3193 2380 3248 bildlichen
2428 3193 2751 3261 Adjoktiven

1575 3285 1748 3354 (nihil
1784 3327 1795 3338 .
1819 3326 1865 3338 ..
1904 3285 2077 3351 mml,
2128 3289 2245 3338 tam
2282 3325 2294 3336 .
2318 3325 2365 3336 ..
2404 3285 2644 3352 tamque)
2694 3299 2748 3335 u.

1573 3374 1633 3427 in
1680 3375 1778 3428 der
1813 3372 2364 3442 Gegeniiberstellung
2412 3373 2507 3426 der
2553 3387 2749 3440 gegen-

1575 3462 1868 3518 satzlichen
1894 3462 2135 3531 Begrifie
2173 3479 2241 3515 zu
2267 3462 2483 3530 Anfang
2519 3478 2570 3514 u.
2598 3461 2749 3514 Ende

1574 3552 1671 3606 des
1718 3552 1915 3606 Satzes.
1967 3583 2036 3592 —
2084 3552 2159 3605 ad
2210 3551 2307 3604 hoe
2360 3568 2519 3604 serm.
2576 3567 2747 3604 remo-

1573 3643 1816 3711 veamus]
1868 3641 1997 3709 „bei
2040 3655 2290 3694 unserem
2329 3639 2601 3709 Gespriich
2636 3639 2749 3693 bei—

1574 3730 1708 3784 seite
1756 3729 1992 3784 lassen“.
2054 3761 2123 3770 —-
2181 3746 2403 3783 sensum
2449 3728 2748 3798 diliyendi]

1573 3819 1797 3888 dilv'qere
1824 3818 2120 3888 entspricht
2146 3818 2225 3872 als
2251 3817 2399 3872 Verb
2423 3818 2547 3871 dem
2570 3816 2747 3871 Subst.

1574 3908 1783 3962 caritas
1820 3910 1911 3979 (zu
1936 3911 1967 3977 ἕ
2003 3909 2095 3975 20)
2131 3925 2184 3961 ιι.
2214 3907 2327 3962 bez.
2359 3907 2510 3960 recht
2546 3905 2748 3975 eigent-

1573 3999 1684 4052 lich
1718 3998 1803 4054 die
1840 3996 2253 4052 Freundesliebe
2267 4037 2281 4065 ,
2330 3995 2586 4050 wechselt
2622 3996 2753 4050 aber

1575 4087 1700 4157 (vgl.
1739 4090 1771 4158 ἕ
1806 4090 1874 4143 27
1925 4104 2117 4141 sensus
2165 4086 2401 4140 amandi
2448 4110 2512 4130 =
2562 4103 2605 4138 s.
2650 4085 2747 4139 dil.

1573 4176 1707 4244 hier,
1745 4179 1778 4246 ἓ
1817 4179 1919 4233 100
1954 4193 2145 4229 amare
2168 4174 2321 4228 nihil
2340 4179 2417 4228 est
2442 4173 2605 4228 aliud
2626 4173 2753 4228 nisi

1573 4283 1699 4319 eum
1760 4268 1947 4336 ipsum
2023 4265 2275 4334 diliyere,
2353 4280 2510 4332 quem
2582 4279 2749 4329 ames,

1575 4355 1783 4410 ebenda
1834 4355 1947 4408 sive
1998 4370 2157 4408 amor
2208 4371 2252 4406 s.
2309 4351 2587 4418 amicitia)
2651 4351 2757 4403 mit
