3175 4825
395 327 469 386 66
1180 328 1449 383 Ciceronis
1485 328 1698 382 Laelius
1734 329 1800 382 de
1838 328 2070 382 amicitia

399 490 521 553 erit
568 492 679 553 aut
708 490 774 553 in
805 490 897 553 rei
929 490 1216 572 publicae
1248 490 1536 572 partibus
1570 490 1877 554 dissensio
1908 491 2339 555 intercesserit
2386 490 2635 575 (loquor
2681 491 2855 554 enim

397 598 554 673 iam,
601 599 676 660 ut
719 598 908 679 paulo
957 599 1105 660 ante
1153 596 1305 673 dixi,
1351 615 1478 660 non
1526 596 1605 660 de
1652 598 2063 680 sapientium,
2124 597 2235 661 sed
2283 597 2358 662 de
2408 597 2852 662 communibus

399 704 748 785 amicitiis),
809 702 1159 767 cavendum
1209 704 1354 779 erit,
1413 722 1491 767 ne
1537 722 1663 767 non
1713 704 1917 768 solum
1966 704 2281 768 amicitiae
2331 705 2677 787 depositae,
2739 704 2853 769 sed

398 811 592 875 etiam
640 811 1003 875 inimicitiae
1038 813 1368 893 susceptae
1402 811 1773 885 videantur;
1820 811 1981 875 nihil
2026 813 2127 875 est
2174 811 2340 875 enim
2374 811 2623 894 turpius
2656 830 2854 893 quam

398 937 545 981 cum
607 936 678 982 eo
733 917 973 981 bellum
1019 936 1262 999 gerere,
1325 935 1598 998 quocum
1645 917 2046 981 familiariter
2091 918 2339 981 vixeris.
2429 919 2525 981 Ab
2575 918 2856 983 amicitia

400 1024 473 1102 Q.
517 1024 776 1108 Pompei
839 1043 980 1088 meo
1039 1024 1292 1087 nomine
1349 1042 1415 1087 se
1463 1027 1844 1100 removerat,
1904 1027 1978 1087 ut
2025 1025 2227 1102 scitiS,
2292 1024 2532 1107 Scipio;
2594 1029 2855 1107 propter

399 1131 859 1195 dissensionem
892 1133 1127 1207 autem,
1175 1149 1336 1212 quae
1371 1132 1508 1194 erat
1538 1132 1604 1194 in
1637 1149 1704 1194 re
1737 1131 2007 1214 publiea,
2056 1132 2371 1195 alienatus
2416 1134 2514 1196 est
2545 1150 2581 1195 a
2614 1132 2858 1213 collega

397 1239 613 1301 nostro
660 1238 951 1301 Metello:
1013 1240 1358 1318 utrumque
1422 1238 1551 1319 egit
1598 1239 1902 1319 graviter,
1963 1239 2338 1303 auctoritate
2397 1242 2460 1302 et
2515 1238 2856 1303 offensione

313 1360 374 1404 τε
401 1344 594 1408 animi
652 1363 779 1407 non
840 1345 1083 1408 acerba.
1175 1343 1383 1422 Quam
1432 1345 1508 1408 ob
1555 1364 1691 1409 rem
1738 1346 2015 1427 primum
2076 1345 2286 1409 danda
2344 1364 2533 1428 opera
2592 1348 2715 1422 est,
2775 1364 2857 1409 ne

401 1470 528 1533 qua
575 1451 923 1516 amicorum
958 1450 1220 1515 discidia
1250 1451 1438 1525 fiant;
1489 1452 1586 1515 sin
1620 1452 1748 1516 tale
1782 1452 2022 1533 aliquid
2055 1453 2351 1527 evenerit,
2398 1454 2471 1516 ut
2504 1453 2855 1517 exstinctae

398 1558 607 1641 potius
670 1558 985 1621 amicitiae
1046 1576 1240 1638 quam
1286 1576 1623 1640 oppressae
1670 1558 2023 1622 videantur.
2116 1557 2483 1624 Cavendum
2542 1578 2716 1636 ver0,
2776 1579 2857 1623 ne

400 1664 594 1727 etiam
653 1664 718 1727 in
780 1683 1004 1746 graves
1067 1665 1430 1729 inimicitias
1494 1667 1867 1729 convertant
1928 1684 1994 1729 se
2058 1666 2406 1742 amicitiae,
2477 1685 2552 1729 ex
2622 1666 2855 1747 quibus

397 1772 632 1852 iurgia,
692 1772 1057 1848 maledicta,
1117 1772 1534 1836 contumeliae
1581 1772 1968 1854 gignuntur;
2032 1791 2193 1854 quae
2249 1776 2466 1837 tamen
2524 1773 2578 1835 si
2623 1774 2860 1837 tolera-

398 1878 557 1942 biles
605 1881 809 1954 erunt,
855 1877 1152 1942 ferendae
1201 1881 1353 1942 sunt
1401 1882 1468 1942 et
1514 1880 1618 1942 hic
1647 1878 1848 1943 honos
1881 1880 2078 1944 veteri
2110 1880 2425 1943 amicitiae
2459 1880 2857 1956 tribuenduS,

399 1987 472 2047 ut
517 1984 571 2048 is
618 1985 684 2048 in
731 1986 917 2067 culpa
965 1986 1065 2061 sit,
1114 1987 1221 2067 qui
1266 1985 1473 2061 faciat,
1521 2005 1646 2050 non
1692 1987 1765 2057 is,
1815 1987 1924 2067 qui
1969 1988 2251 2069 patiatur
2297 1986 2613 2050 iniuriam.

579 2091 852 2156 Omnino
913 2092 1197 2156 omnium
1255 2094 1484 2157 horum
1541 2093 1838 2157 vitiorum
1886 2095 2079 2175 atque
2127 2080 2668 2157 incommodorum
2730 2112 2859 2156 una

400 2198 611 2262 cautio
660 2201 759 2262 est
806 2202 998 2281 atque
1046 2218 1173 2263 una
1219 2200 1516 2283 provisiO,
1573 2202 1785 2263 utne
1830 2201 2073 2264 nimis
2122 2201 2285 2264 cito
2334 2201 2688 2282 diligere
2735 2201 2859 2262 in-

314 2319 376 2360 ·19
400 2304 711 2387 cipiant
754 2325 949 2370 neve
997 2326 1151 2370 non
1199 2306 1502 2389 dignos.
1577 2306 1772 2389 Digni
1819 2308 2032 2370 autem
2084 2310 2232 2370 sunt
2280 2307 2576 2383 amicitia,
2625 2308 2857 2387 quibus

400 2499 467 2534 zu
503 2481 756 2536 einander
804 2483 904 2535 wie
953 2500 1120 2550 neque
1159 2524 1170 2535 .
1195 2524 1240 2535 ..
1280 2501 1447 2551 neque
1486 2525 1533 2536 ..
1558 2525 1569 2536 .
1681 2485 1871 2538 deton:
1929 2485 2109 2550 .,ohne
2162 2484 2278 2538 dass
2328 2483 2442 2536 sein
2494 2481 2858 2551 persiinliches

397 2587 494 2622 neo
531 2570 603 2622 im
642 2586 751 2623 vor.
790 2572 1110 2639 Paragraph.
1163 2603 1230 2611 --
1280 2572 1344 2624 in
1393 2572 1477 2624 rei
1511 2590 1568 2640 p.

397 2659 668 2728 partibas]
722 2659 838 2726 „im
888 2658 1321 2727 politischen
1367 2660 1572 2714 Partei-

399 2747 556 2801 leben
569 2749 616 2800 ⁴⁶.
669 2779 737 2786 —
796 2747 854 2811 Q.
896 2748 1147 2818 Pompei]
1188 2749 1248 2814 Q.
1289 2748 1572 2817 Pompeius

399 2836 578 2904 Nepos
630 2836 774 2890 hatte
822 2836 941 2890 dem
979 2837 1152 2906 Scipio
1197 2839 1572 2907 ver-sprochen,

399 2925 484 2978 die
508 2924 843 2994 Bewerbung
869 2927 962 2980 des
983 2926 1160 2980 Lalius
1187 2944 1280 2980 um
1305 2929 1398 2981 das
1427 2929 1572 2981 Kon-

399 3014 538 3067 sulat
574 3016 669 3068 des
694 3015 743 3068 J.
776 3017 874 3070 141
918 3034 982 3070 zu
1020 3019 1407 3082 unterstiitzen,
1447 3019 1575 3071 aber

398 3103 598 3157 treulos
648 3103 760 3158 sich
807 3105 974 3159 selbst
1018 3106 1226 3159 wahlen
1272 3106 1462 3160 lassen.
1503 3139 1570 3146 -

397 3193 495 3246 Bei
533 3193 858 3262 Anfiihrung
907 3194 1274 3248 erlauternder
1308 3195 1574 3264 Beispiele

400 3282 589 3335 bedarf
603 3299 661 3336 es
675 3282 861 3335 keiner
873 3283 1491 3351 Verbindungspartikel.
1504 3316 1571 3324 —

398 3388 515 3423 oneo
550 3371 793 3439 nomim]
836 3396 898 3414 =
937 3388 1059 3424 mea
1096 3388 1280 3425 causa.
1321 3405 1388 3412 -
1439 3391 1574 3441 quae

400 3464 518 3512 erat
553 3459 619 3512 in
654 3477 712 3513 re
740 3462 820 3528 p.]
863 3459 961 3512 wie
989 3461 1126 3513 oben
1153 3461 1252 3515 der
1278 3463 1406 3516 Gen.
1435 3463 1570 3532 reip.

397 3547 570 3600 durch
605 3548 692 3601 ein
729 3548 976 3616 Adjektiv
1014 3549 1472 3619 wiederzugeben!
1503 3584 1571 3591 ——

399 3654 437 3688 a
464 3637 660 3704 oolleya
685 3639 889 3706 nostro]
928 3637 1001 3690 im
1029 3640 1283 3707 Augurat.
1350 3640 1411 3705 Q.
1442 3641 1572 3695 Cae-

401 3723 556 3778 cilius
584 3725 846 3792 MetelluS,
877 3728 1015 3780 nach
1042 3729 1138 3781 der
1155 3729 1575 3799 Unteiwerfung

399 3813 775 3868 Macedonicus
826 3815 898 3867 im
948 3818 996 3870 J.
1051 3820 1151 3874 148
1201 3818 1574 3872 Macedonicus

403 3902 730 3969 zubenannt,
778 3904 908 3958 wil-d
944 3922 1048 3959 von
1086 3907 1192 3961 Cic.
1233 3908 1299 3960 de
1337 3925 1394 3961 re
1432 3927 1481 3978 p.
1525 3913 1571 3976 1,

404 3993 489 4057 19,
526 3993 592 4046 31
647 3991 723 4046 als
772 3993 866 4047 das
903 3994 1085 4064 Haupt
1128 3996 1224 4049 der
1269 3997 1572 4063 „obtrecta-

402 4083 546 4134 tores
584 4084 638 4134 et
672 4081 836 4135 invidi
873 4083 1179 4152 Scipionis“
1220 4087 1472 4139 erwahnt.
1503 4119 1571 4126 —

401 4175 689 4238 utrumque
749 4172 874 4241 oy‘e't]
951 4173 1053 4240 „in
1127 4174 1316 4227 beiden
1390 4175 1572 4230 Fffllen

478 4262 543 4310 .“.
594 4291 661 4299 —
711 4262 1027 4315 auctoritate
1075 4304 1086 4315 .
1110 4303 1156 4314 ..
1205 4281 1316 4316 non
1359 4265 1572 4334 acerba]

403 4347 568 4401 'wildet
589 4366 655 4401 zu
667 4350 906 4417 ‚qv-ariter
925 4351 1013 4402 ein
1031 4350 1378 4420 explikatives
1399 4357 1572 4421 Asyn-

1680 2563 2059 2642 Uber-gewicht
2102 2574 2233 2627 oder
2268 2573 2415 2626 seine
2453 2572 2859 2640 Verstimmung

1681 2662 1991 2716 verletzend
2028 2679 2138 2716 war
2174 2662 2473 2731 (austrat)“.

1758 2765 1838 2808 78.
1881 2751 2155 2820 primum]
2196 2751 2299 2817 „in
2334 2753 2505 2803 erster
2540 2749 2722 2816 Linie,
2764 2766 2860 2802 vor

1682 2841 1822 2895 allen
1859 2841 2132 2909 Dingen“.
2188 2872 2253 2879 ——
2304 2839 2418 2908 sin]
2468 2838 2569 2892 wie
2620 2839 2691 2890 im
2744 2855 2855 2892 vor.

1682 2930 1986 2999 Paragraph
2013 2930 2107 2982 sin
2132 2935 2329 2982 autem.
2361 2960 2427 2967 —
2465 2927 2757 2981 mtinotae
2784 2969 2795 2979 .
2814 2969 2825 2979 .
2845 2967 2856 2979 .

1682 3021 1981 3088 oppressae]
2040 3059 2071 3084 „
2088 3018 2367 3071 erloschen
2416 3059 2427 3070 .
2452 3058 2463 3069 .
2486 3058 2498 3069 .
2548 3016 2857 3085 gewaltsam

1683 3108 1961 3162 erstickt“.
1983 3140 2050 3146 —
2070 3108 2211 3176 vero]
2242 3106 2539 3175 steigernd:
2571 3105 2857 3173 „vollends

1682 3198 1850 3250 hiiten
1888 3197 2030 3251 muss
2067 3213 2189 3250 man
2237 3195 2413 3249 sich‘·.
2466 3227 2533 3234 —
2583 3195 2647 3247 in
2696 3195 2857 3263 culpa

1681 3288 1776 3356 sit]
1817 3285 2073 3353 „schuld,
2112 3286 2209 3338 der
2246 3284 2517 3352 schuldige
2554 3283 2663 3338 Teil
2704 3284 2780 3336 sei
2796 3287 2855 3349 “3

1683 3376 1879 3429 ebenso
1918 3375 1982 3428 in
2018 3374 2165 3440 vitio,
2206 3374 2271 3426 in
2298 3374 2481 3426 morbo
2516 3391 2628 3426 esse
2654 3390 2706 3426 u.
2728 3390 2770 3426 s.
2794 3390 2853 3424 w.

1685 3464 2034 3532 „fehlerhaft,
2063 3463 2229 3517 krank
2257 3463 2431 3516 sein“.
2462 3495 2529 3502 —
2558 3463 2659 3531 qui
2683 3463 2857 3530 faciat

1685 3595 1696 3606 .
1721 3595 1731 3606 .
1756 3595 1767 3605 .
1806 3553 1907 3622 qui
1946 3553 2201 3622 patiatur
2248 3551 2547 3620 iniuriam]
2600 3551 2855 3606 Substan-

1684 3643 1819 3696 tiva!
1879 3673 1948 3681 —-
2012 3641 2194 3695 cautio
2252 3683 2263 3694 .
2297 3681 2308 3694 .
2340 3683 2351 3694 .
2401 3640 2670 3710 provisio]
2730 3641 2855 3710 „die

1684 3730 2141 3800 Moglichkeit
2175 3730 2291 3784 sich
2322 3748 2389 3784 zu
2416 3730 2583 3783 hiiten
2740 3746 2855 3783 vor-

1684 3821 1990 3886 zusehen“;
2042 3819 2369 3873 namentlich
2418 3819 2474 3871 in
2513 3817 2857 3885 Verbindung

1683 3909 1781 3962 mit
1826 3927 1936 3963 esse
1972 3909 2251 3978 gewinnen
2290 3908 2376 3962 die
2412 3907 2854 3962 Verbalsubstan-

1682 3997 1793 4052 tiva
1841 3999 1935 4051 auf
1983 3998 2063 4051 -io
2111 3999 2191 4051 oft
2234 3997 2379 4051 diese
2416 3996 2749 4065 Bedeutung.
2790 4026 2853 4034 -

1682 4087 1905 4156 diliqere
1932 4086 2231 4156 ino‘epiant]
2262 4086 2357 4140 Als
2386 4085 2608 4155 Subjekt
2635 4091 2853 4154 erganze

1683 4193 1807 4228 man
1836 4177 1939 4229 den
1968 4176 2024 4228 in
2051 4176 2154 4228 den
2174 4175 2593 4230 Schlul'sworten
2622 4175 2717 4228 des
2744 4189 2851 4226 vor.

1684 4265 1941 4318 Absatzes
1993 4264 2271 4332 liegenden
2312 4263 2523 4332 Begrifs
2558 4263 2749 4317 amici.
2788 4291 2852 4300 -

1683 4371 1795 4406 non
1831 4353 2044 4422 dignos]
2084 4369 2159 4406 sc.
2197 4371 2328 4422 quos
2363 4353 2616 4422 dilvyant.
