3175 4825
1766 246 1783 258 υ
1920 243 1937 259 ²

1519 260 1533 274 ⁴
1766 278 1783 293 ,
1870 247 1969 289 :.·
2009 265 2023 276 ι
2226 248 2373 294 :·::

1532 290 1655 321 ⁶³‘o
1720 302 1887 322 nouo·
1930 306 1937 318 ³
2014 290 2244 327 ⁰0⁸2000
2281 290 2495 326 ⁰000⁶9

1403 325 1576 379 1227.
2647 324 2712 384 81

265 506 381 551 nec
435 488 546 551 illa
603 487 915 552 exstincta
971 490 1123 551 sunt
1171 488 1558 570 alunturque
1608 488 1817 571 potius
1866 491 1931 552 et
1978 490 2294 569 augentur
2340 489 2717 570 cogitatione

268 600 332 657 et
379 594 684 658 memoria
729 613 890 671 mea,
940 596 1020 671 et,
1069 596 1122 657 si
1167 595 1293 657 illis
1340 596 1525 677 plane
1575 596 1835 658 orbatus
1876 612 2102 669 essem,
2150 612 2455 676 magnum
2500 598 2717 660 tamen

270 700 476 763 adfert
531 701 687 764 mihi
746 704 923 764 aetas
970 701 1109 784 ipsa
1157 702 1497 765 solacium:
1560 701 1800 764 diutius
1862 702 2030 764 enim
2085 701 2213 764 iam
2272 702 2334 764 in
2394 702 2510 765 hoc
2558 702 2718 767 desi-

268 807 437 871 derio
497 826 634 872 esse
691 828 815 871 non
863 826 1156 891 possum;
1221 809 1431 872 omnia
1493 811 1710 872 autem
1770 809 1983 871 brevia
2030 808 2382 872 tolerabilia
2428 828 2564 874 esse
2611 810 2718 874 de-

269 916 434 989 bent,
482 915 734 978 etiamsi
779 934 1015 995 magna
1061 917 1229 979 sunt.

442 1021 619 1086 Haec
664 1022 860 1086 habui
909 1022 986 1085 de
1036 1022 1315 1086 amicitia
1363 1040 1526 1104 quae
1559 1022 1852 1086 dicerem.
1921 1021 2053 1086 Vos
2102 1026 2319 1086 autem
2363 1024 2597 1100 hortor,
2645 1026 2718 1087 ut

266 1128 356 1191 ita
403 1129 709 1193 virtutem
755 1130 1003 1206 loceti8‚
1051 1131 1184 1193 sine
1235 1148 1361 1211 qua
1409 1130 1690 1193 amicitia
1738 1148 1875 1193 esse
1922 1148 2047 1192 non
2092 1132 2328 1212 potest,
2375 1133 2449 1193 ut
2495 1150 2569 1195 ea
2617 1150 2719 1195 ex-

267 1238 449 1319 cepta
493 1236 653 1299 nihil
701 1237 979 1302 amicitia
1025 1238 1472 1320 praestabilius
1519 1238 1778 1320 putetis.

262 1502 357 1537 nee
405 1486 668 1538 exstincta
716 1485 832 1538 sint
876 1485 985 1537 und
1032 1490 1079 1538 et
1239 1486 1433 1555 adfert]
1545 1489 1634 1540 ten
1672 1485 2004 1554 Beffingung,
2042 1485 2524 1539 thatsachlich
2562 1501 2716 1539 vor-

264 1574 381 1627 sind
411 1574 496 1627 die
523 1573 778 1628 einander
803 1574 1263 1642 entsprechenden
1293 1574 1435 1628 Glie-
1545 1575 1813 1628 handen
1866 1574 1946 1627 ist.
1999 1607 2065 1613 —-
2116 1574 2348 1642 diutim]
2400 1573 2579 1627 Lalius
2627 1574 2720 1627 hat

263 1664 371 1729 der,
414 1663 662 1716 wahrend
700 1664 1028 1731 alunturque
1059 1664 1437 1717 ...memoria
1545 1664 1681 1717 auch
1731 1663 1867 1716 wohl
1914 1663 1967 1715 in
2020 1664 2117 1717 der
2151 1663 2284 1717 'rhat
2332 1663 2482 1715 nicht
2532 1662 2718 1729 „allzu

261 1770 382 1805 mea
410 1769 477 1805 zu
503 1753 624 1806 dem
653 1756 833 1805 ersten
862 1752 1044 1807 Gliede
1075 1752 1435 1822 berichtigend
1544 1752 1699 1821 lange
1712 1756 1743 1782 ‘⁴
1797 1753 1949 1805 mehr
1996 1752 2133 1806 nach
2180 1753 2301 1806 dem
2340 1752 2478 1806 Tode
2515 1752 2719 1820 Scipios

263 1840 556 1895 hinzutritt.
589 1874 655 1880 —
685 1842 880 1910 adfert]
911 1842 1023 1895 Der
1048 1842 1314 1895 Nachsatz
1343 1843 1439 1895 der
1544 1842 1735 1909 gelebt.
1777 1873 1843 1880 —
1881 1842 2012 1895 haec
2051 1883 2061 1893 .
2087 1883 2097 1893 .
2122 1883 2132 1893 .
2174 1841 2425 1909 dicerem]
2465 1840 2583 1909 Vgl.
2615 1841 2719 1894 den

262 1930 491 1983 irrealen
519 1930 836 1999 Bedingimg
873 1930 1018 1984 steht
1053 1930 1126 1982 im
1154 1930 1435 1997 Indikativ‚
1545 1930 1759 1985 Schlul's
1796 1931 1889 1984 des
1928 1931 2055 1986 Cato
2095 1930 2287 1984 maior:
2329 1930 2505 1998 „haec
2541 1930 2716 1997 habui,

263 2018 382 2071 weil
431 2018 527 2072 der
575 2036 671 2072 aus
719 2020 842 2073 dem
881 2020 1056 2073 nahen
1093 2019 1437 2073 Lebensende
1546 2020 1612 2073 de
1642 2022 1918 2074 senectute
1947 2037 2081 2089 quae
2111 2020 2405 2074 dicerem“.
2447 2051 2513 2058 —
2552 2025 2613 2072 ut

262 2108 573 2176 geschopste
622 2109 774 2163 Trost
817 2110 911 2162 fiir
955 2106 1135 2162 Lfflius
1185 2108 1324 2161 auch
1370 2124 1438 2161 an
1538 2110 1760 2178 pedeti-3]
1800 2108 1904 2178 vgl.
1936 2128 2001 2163 zu
2031 2112 2061 2175 ξ
2097 2112 2156 2165 17
2184 2116 2245 2162 ut
2281 2109 2595 2162 amicitiam

264 2196 395 2262 sich,
432 2213 564 2265 ganz
602 2197 898 2266 abgesehen
937 2214 1042 2251 von
1080 2198 1176 2251 der
1201 2214 1435 2266 genaun-
1545 2198 1901 2267 anteponatis.
