3175 4825
1417 300 1460 335 c.
1501 285 1585 339 26.
1626 285 1711 339 27.
2723 282 2793 343 79

341 446 420 509 ab
469 445 772 519 amando;
822 464 1034 509 amare
1069 448 1284 509 autem
1321 446 1481 509 nihil
1528 451 1628 509 est
1674 446 1845 510 aliud
1893 447 2015 509 nisi
2064 465 2211 510 eum
2255 448 2465 529 ipsum
2513 447 2791 528 diligere,

342 571 533 633 quem
581 571 774 629 amca
818 552 998 620 nulla
1043 552 1408 634 indigentia,
1454 553 1635 616 nulla
1680 553 1959 617 utilitate
1995 554 2315 633 quaesita3
2366 573 2527 634 quae
2573 557 2791 617 tamen

340 659 477 741 ipsa
525 658 862 723 efflorescit
894 677 968 723 ex
1001 659 1296 736 amicitia,
1345 660 1591 723 etiamsi
1642 661 1715 721 tu
1762 678 1903 723 eam
1942 660 2154 723 minus
2188 662 2444 723 secutus
2479 661 2582 723 sis.
2652 660 2792 723 Hac

339 785 456 829 nos
505 766 943 831 adulescentes
991 766 1429 830 benevolentia
1461 784 1643 830 senes
1676 766 1836 842 illos,
1882 766 1952 829 L.
1983 766 2301 842 Paullum,
2348 767 2431 829 M.
2466 766 2791 843 Catonem,

341 871 408 937 G.
458 872 718 948 Galum,
776 872 846 936 P.
894 873 1221 950 Nasicam,
1282 873 1372 935 Ti.
1422 871 1809 948 Gracchum,
1872 871 2181 955 Scipionis
2236 874 2438 937 nostri
2484 892 2791 951 socerum,

341 980 710 1053 dileximus;
771 980 930 1044 haec
985 980 1179 1044 etiam
1226 980 1431 1060 magis
1479 980 1689 1044 elucet
1732 980 1901 1043 inter
1948 980 2274 1061 aequale8‚
2334 982 2409 1043 ut
2466 980 2631 1044 inter
2688 1000 2791 1044 me

341 1089 408 1149 et
455 1087 842 1169 Scipionem,
887 1087 958 1150 L.
1003 1087 1289 1163 Furium,
1334 1086 1403 1149 P.
1451 1086 1798 1169 Rupilium,
1847 1085 1951 1169 Sp.
1998 1087 2401 1151 Mummium.
2493 1086 2793 1151 Vicissim

343 1194 560 1257 autem
607 1212 790 1257 senes
835 1193 900 1256 in
949 1194 1456 1258 adulescentium
1503 1193 1769 1257 caritate
1804 1194 2283 1274 acquiescimus,
2330 1196 2405 1257 ut
2450 1195 2515 1257 in
2562 1197 2793 1270 vestra,

341 1301 416 1364 ut
461 1301 528 1363 in
575 1298 648 1379 Q.
680 1301 1063 1375 Tuberonis3
1112 1301 1407 1382 equidem
1455 1300 1651 1365 etiam
1700 1299 2040 1364 admodum
2088 1300 2513 1365 adulescentis
2560 1300 2630 1363 P.
2661 1302 2793 1365 Ru-

339 1407 456 1484 tili,
501 1410 576 1470 A.
625 1406 889 1489 Vergini
936 1406 1368 1472 familiaritate
1416 1408 1713 1472 delector.
1792 1406 2231 1489 Quoniamque
2278 1408 2371 1471 ita
2417 1409 2578 1471 ratio
2625 1426 2793 1471 com-

338 1516 565 1597 parata
613 1516 713 1578 est
757 1514 925 1578 vitae
958 1518 1352 1596 naturaeque
1384 1518 1659 1593 nostrae,
1706 1517 1780 1578 ut
1827 1516 1951 1578 alia
1997 1534 2073 1577 ex
2119 1513 2260 1578 alia
2308 1517 2483 1579 aetas
2534 1514 2793 1591 oriatur,

340 1621 613 1685 maxime
662 1620 920 1702 quidem
966 1621 1316 1704 optandum
1365 1611 1488 1699 est,
1525 1626 1601 1686 ut
1648 1642 1794 1687 cum
1843 1623 2215 1703 aequalibus
2265 1624 2486 1705 possiS,
2535 1622 2793 1703 quibus-

341 1746 488 1791 cum
535 1731 868 1809 tamquam
917 1747 950 1792 e
999 1729 1354 1793 carceribus
1389 1730 1659 1793 emissus
1708 1731 1813 1806 sis,
1861 1748 2007 1793 cum
2054 1730 2258 1793 isdem
2305 1729 2383 1793 ad
2418 1729 2673 1805 calcem,
2721 1733 2794 1791 ut

340 1835 589 1912 dicitur,
633 1835 980 1917 pervenire.
1060 1834 1185 1899 Sed
1235 1836 1532 1916 quoniam
1579 1856 1681 1899 res
1720 1837 2040 1901 humanae
2088 1835 2345 1918 fragiles
2393 1835 2791 1917 caducaeque

340 1943 521 2018 sunt,
582 1960 830 2024 semper
879 1942 1075 2023 aliqui
1125 1942 1500 2023 anquirendi
1548 1946 1726 2020 sunt,
1775 1962 1931 2025 quos
1980 1943 2318 2025 diligamus
2368 1945 2432 2006 et
2478 1961 2516 2006 a
2565 1943 2792 2023 quibus

335 2170 588 2239 diliycrffi
645 2188 803 2239 quem
855 2173 1024 2240 ames]
1081 2172 1184 2240 vgl.
1237 2189 1303 2225 zu
1358 2175 1389 2240 ξ
1439 2174 1510 2227 32

336 2277 561 2314 sensum
613 2260 906 2328 diliyendi;
972 2261 1094 2316 wir:
1158 2261 1338 2328 „eben
1392 2263 1514 2315 dem

338 2348 733 2403 Freundschaft
781 2348 1039 2418 widmen,
1098 2367 1166 2403 zu
1219 2351 1340 2403 dem
1389 2367 1511 2404 man

337 2439 502 2494 Liebe
563 2439 746 2508 hegt“.
822 2472 890 2479 -
963 2441 1121 2494 nulla
1182 2441 1511 2510 indtyentia]

341 2528 522 2595 „ohne
589 2527 720 2582 alles
783 2528 1131 2583 Bediirfnis“.
1225 2529 1339 2582 Der
1392 2528 1510 2583 Abl.

339 2616 500 2670 absol.
550 2617 622 2671 ist
666 2618 862 2686 gerade
910 2617 998 2672 bei
1036 2617 1130 2672 der
1165 2619 1514 2687 Verbindung

339 2706 487 2760 eines
523 2705 860 2760 Substantivs
903 2707 1004 2760 mit
1035 2708 1222 2760 nullus
1259 2707 1386 2760 sehr
1419 2724 1509 2776 ge-

339 2794 621 2848 wohnlich.

419 2897 529 2940 1⁰1.
594 2885 884 2952 Paullum,
944 2885 1222 2952 Catonem,
1287 2887 1508 2956 Galum]

337 2972 442 3042 vgl.
483 2990 552 3026 zu
587 2976 617 3042 ξ
655 2977 704 3030 9.
745 3005 813 3014 --
852 2974 914 3027 P.
955 2973 1244 3043 Nasicam]
1284 2975 1341 3028 P.
1383 2974 1509 3030 Cor-

337 3061 512 3116 nelius
548 3061 724 3131 Scipio
770 3062 965 3116 Nasica
1001 3063 1286 3118 Corculum
1301 3104 1314 3130 ,
1366 3079 1509 3117 cons,

338 3153 442 3206 162
470 3168 520 3204 u.
556 3153 672 3217 155,
713 3150 1150 3220 Schwiegersohn
1186 3153 1279 3206 des
1306 3152 1509 3206 alteren

335 3240 652 3308 Africanus3
699 3240 816 3294 sein
865 3239 1010 3295 Sohn
1056 3241 1250 3295 Nasica
1295 3241 1510 3311 Serapio

337 3345 448 3383 war
481 3329 579 3382 der
612 3329 829 3384 Morder
868 3330 963 3384 des
1000 3330 1073 3384 Ti.
1114 3331 1400 3385 Gracchus
1442 3363 1508 3370 ——

343 3417 417 3472 st‘.
465 3418 791 3489 Gracchum]
843 3435 985 3473 cons,
1034 3423 1137 3476 177
1151 3463 1163 3489 ,
1213 3421 1310 3474 der
1343 3421 1511 3475 Vater

334 3507 433 3562 der
449 3506 643 3562 beiden
661 3507 978 3562 beriihmten
996 3509 1289 3576 Gracchen,
1309 3509 1508 3578 gleich-

335 3596 460 3650 falls
525 3596 623 3650 wie
688 3597 784 3652 der
838 3598 1032 3652 vorher
1093 3601 1358 3668 genannte
1423 3600 1507 3652 ein

334 3685 773 3756 Sohwiegersohn
809 3689 903 3742 des
953 3687 1156 3742 alteren
1194 3688 1508 3755 Africanus3

335 3776 484 3830 seine
518 3777 744 3831 Tochter
779 3777 1090 3845 Sempronia
1127 3794 1238 3831 war
1283 3777 1368 3831 die
1407 3778 1507 3830 Ge-

331 3865 534 3920 mahlin
599 3867 693 3920 des
755 3866 1015 3934 jiingeren
1082 3867 1382 3920 Africanus,

333 3955 602 4023 starium,
661 3956 979 4024 Rupilium,
1037 3955 1394 4026 Mummium]
1453 3957 1507 4009 in

333 4045 615 4100 derselben
654 4045 1204 4114 Zusammenstellung
1248 4049 1278 4115 ξ
1315 4048 1399 4102 69.
1439 4079 1506 4085 -

333 4134 757 4204 adquiescimus]
797 4134 900 4204 vgl.
941 4138 971 4204 ξ
1007 4137 1077 4189 22
1113 4135 1180 4188 in
1219 4177 1229 4188 .
1263 4177 1273 4187 .
1308 4177 1318 4188 .
1359 4136 1506 4188 benc-

333 4224 563 4278 volcntia
599 4223 940 4293 cmzqwicscu.
981 4256 1046 4264 —
1093 4223 1153 4288 Q.
1201 4224 1505 4294 Tuberonis]

335 4330 399 4367 zu
449 4315 480 4382 ἕ
527 4315 612 4369 37.
670 4345 734 4352 -—
785 4313 845 4366 P.
898 4312 1110 4383 Rutili]
1163 4314 1222 4366 P.
1277 4313 1508 4367 Rutilius

1619 2172 1807 2238 Rufus,
1848 2172 1933 2225 ein
1963 2172 2142 2226 reiner
2169 2189 2220 2224 n.
2251 2174 2462 2225 ernster
2490 2172 2794 2239 Charakter,

1621 2261 1905 2314 besonders
1941 2261 2334 2329 hervorragend
2362 2261 2417 2313 in
2447 2262 2544 2314 der
2568 2260 2794 2315 Rechts-

1620 2349 2042 2418 gelehrsamkeit,
2073 2350 2129 2401 in
2150 2349 2381 2403 welcher
2408 2366 2469 2403 er
2487 2366 2795 2403 zusammen

1621 2440 1719 2491 mit
1741 2439 1862 2492 dem
1892 2441 2041 2492 sonst
2066 2439 2218 2492 nicht
2244 2439 2547 2494 bekannten
2575 2441 2641 2492 A.
2669 2440 2794 2492 Ver·

1615 2527 1809 2595 yinius
1891 2528 1975 2580 ein
2061 2527 2288 2582 Schiiler
2368 2529 2461 2582 des
2544 2529 2795 2582 Pontifex

1622 2616 1682 2682 Q.
1703 2616 1911 2670 Mucius
1939 2616 2195 2671 Scaevola
2221 2620 2271 2686 (ξ
2298 2619 2350 2686 1)
2379 2634 2503 2672 war.
2532 2649 2600 2657 —-
2629 2617 2792 2687 ratio]

1622 2706 1861 2773 „Lauf‘fl
1916 2739 1983 2746 —
2034 2709 2204 2776 actas]
2252 2708 2676 2774 „Generation“.
2728 2739 2794 2746 —

1620 2813 1647 2848 e
1681 2797 1989 2850 carceribus
2027 2837 2038 2849 .
2074 2838 2085 2849 .
2120 2838 2131 2848 .
2171 2797 2246 2850 ad
2279 2797 2499 2866 calcem]
2538 2796 2667 2850 Man
2703 2797 2793 2850 be-

1622 2886 1775 2938 achte
1830 2885 1914 2939 die
1969 2885 2325 2939 AJlitteration
2340 2926 2353 2952 ,
2415 2886 2617 2939 welche
2672 2886 2793 2939 dem

1620 2973 1967 3041 sprichwortl.
2026 2973 2314 3028 Charakter
2368 2975 2466 3028 der
2529 2991 2633 3027 von
2698 2975 2794 3027 der

1622 3062 1917 3116 Rennbahn
1931 3061 2241 3116 entlehnten
2256 3062 2541 3116 bildlichen
2553 3063 2791 3117 Redens-

1620 3154 1703 3204 art
1740 3167 2084 3219 angcmessen
2132 3151 2215 3204 ist.
2291 3152 2446 3206 Auch
2484 3152 2619 3205 oben
2657 3155 2687 3221 ς
2726 3155 2792 3208 63

1620 3258 1671 3294 u.
1729 3243 1794 3296 67
1852 3241 1923 3293 ist
1975 3242 2067 3292 fiir
2121 3240 2206 3294 die
2262 3241 2652 3294 Freundschaft
2700 3243 2793 3294 das

1618 3331 1781 3383 Pierd
1812 3348 1933 3382 zum
1966 3329 2247 3399 Vergleich
2275 3330 2692 3399 herangezogen.
2724 3363 2791 3371 -

1619 3437 1743 3473 eum
1781 3420 1996 3488 iisdem]
2045 3420 2119 3473 im
2156 3419 2221 3472 D.
2262 3419 2501 3474 einiach:
2553 3421 2731 3487 „auch
2745 3425 2791 3474 “.

1701 3522 1809 3564 102.
1848 3527 1933 3562 res
1970 3510 2262 3578 humanae]
2304 3510 2439 3576 „das
2475 3509 2791 3563 Menschen-

1621 3598 1837 3651 leben&
1895 3631 1961 3637 —
2018 3599 2244 3666 semper]
2303 3599 2352 3650 d.
2411 3598 2461 3651 h.
2516 3599 2571 3649 in
2617 3599 2791 3665 jedem

1619 3686 1990 3756 Lebensalter,
2048 3687 2146 3741 wie
2198 3687 2333 3740 auch
2384 3687 2562 3740 Lalius
2612 3687 2791 3752 selbst,

1620 3776 1877 3830 nachdem
1928 3776 2039 3829 ihm
2090 3776 2203 3829 sein
2253 3777 2483 3844 grosster
2532 3776 2604 3826 W
2607 3777 2792 3840 unsch,

1619 3866 1699 3919 bis
1751 3882 1817 3918 an
1866 3867 1958 3918 das
2005 3866 2152 3918 Ende
2202 3865 2378 3919 seines
2435 3865 2641 3918 Lebens
2696 3865 2795 3917 mit

1618 3956 1819 4008 seinem
1886 3955 2129 4008 Freunde
2194 3954 2369 4023 Scipio
2444 3954 2651 4008 vereint
2726 3972 2790 4007 zu

1618 4044 1842 4111 bleiben,
1882 4045 2049 4098 durch
2089 4045 2279 4098 desscn
2307 4045 2414 4098 Tod
2454 4047 2664 4111 veisagt
2699 4061 2789 4111 ge-

1618 4134 1828 4188 blicben
1866 4151 1991 4202 war,
2029 4137 2165 4187 trotz
2200 4134 2375 4188 seines
2404 4132 2787 4201 vor-geriickten

1617 4224 1794 4278 Alters
1832 4224 1978 4276 seine
2018 4224 2259 4278 Freunde
2304 4225 2461 4276 unter
2496 4223 2791 4275 admodum

1615 4314 1969 4368 adulescentes
2021 4313 2226 4366 wahlte.
2287 4345 2353 4351 —
2412 4311 2638 4364 caritate
2692 4354 2701 4363 .
2738 4353 2747 4362 .
2782 4351 2791 4362 .

2282 4405 2314 4458 6
2332 4402 2361 4436 ιιι

2823 684 2905 723 101

2825 1860 2914 1901 102
