3175 4825
1463 257 1509 293 c.
1547 242 1598 295 2.
2699 239 2765 305 13

305 409 382 471 ut
428 406 687 483 adsolet,
733 404 1146 480 venissemus,
1195 406 1268 467 tu
1314 422 1440 467 non
1487 402 1777 479 adfuisti,
1827 403 1933 485 qui
1982 403 2463 488 diligentissime
2513 422 2764 486 semper

304 514 489 578 illum
537 512 704 576 diem
752 515 818 576 et
861 511 1022 575 illud
1067 529 1302 574 munus
1351 510 1576 574 solitus
1625 528 1797 575 esses
1845 510 2033 575 obire.

484 616 803 683 Scaevola.
898 616 1232 696 Quaerunt
1269 616 1543 699 quidem,
1591 616 1661 681 C.
1691 617 1886 692 Laeli,
1932 617 2139 693 multi,
2186 620 2261 681 ut
2307 619 2406 681 est
2452 635 2489 680 a
2520 615 2760 681 Fannio
2784 635 2816 680 9

302 727 577 803 dictum,
634 725 743 789 sed
792 744 907 807 ego
953 724 1017 788 id
1063 724 1436 806 responden,
1485 723 1659 806 quod·
1702 725 1983 787 animum
2032 723 2303 801 adverti,
2352 725 2413 787 te
2464 723 2761 799 dolorem,

306 853 499 916 quem
547 832 860 915 acceperis
908 851 1057 896 oum
1102 830 1337 894 summi
1383 830 1503 893 viri
1550 832 1692 893 tum
1736 829 2103 894 amicissimi
2148 833 2372 906 morte,
2418 830 2582 894 ferre
2627 850 2761 895 mo—

301 942 542 1016 derate,
588 958 706 1004 nec
736 939 1019 1021 potuisse
1050 956 1179 1001 non
1210 938 1589 1001 commoveri
1620 955 1738 1001 nec
1769 936 1964 1001 fuisse
2012 936 2074 1000 id
2122 937 2541 1001 humanitatis
2572 940 2759 1011 tuae3

299 1048 472 1131 quod
531 1049 748 1111 autem
792 1045 993 1108 Nonis
1048 1044 1113 1107 in
1161 1044 1442 1125 conlegio
1489 1046 1708 1108 nostro
1754 1063 1880 1108 non
1928 1043 2266 1121 adfuisseS‚
2325 1044 2759 1108 valetudinem
2816 1085 2827 1130 3

297 1154 649 1238 respondeo
697 1169 974 1225 causam,
1019 1169 1145 1215 non
1191 1151 1581 1215 maestitiam
1629 1150 1844 1215 fuisse.

477 1258 764 1324 Laelius.
855 1258 1055 1322 Recte
1103 1260 1174 1321 tu
1225 1256 1508 1339 quidem,
1558 1256 1887 1332 Scaevola,
1947 1258 2011 1321 et
2057 1276 2236 1332 vere;
2295 1276 2413 1322 nec
2460 1258 2631 1322 enim
2677 1259 2757 1322 ab

295 1369 422 1432 isto
471 1366 700 1443 offici0‚
760 1364 928 1447 quod
977 1383 1227 1447 semper
1274 1364 1605 1446 usurpavi,
1665 1383 1810 1429 cum
1867 1364 2175 1441 valerem,
2234 1365 2462 1429 abduci
2520 1366 2759 1429 incom-

300 1474 487 1539 modo
535 1492 676 1538 meo
709 1472 915 1543 debui.
960 1490 1078 1536 nec
1109 1472 1239 1536 ullo
1272 1490 1425 1536 casu
1458 1471 1730 1535 arbitror
1775 1471 1894 1535 hoc
1926 1472 2242 1536 constanti
2286 1472 2526 1535 homini
2571 1491 2756 1555 posse

293 1581 685 1661 contingere,
731 1582 808 1642 ut
852 1579 986 1642 ulla
1033 1578 1421 1642 intermissio
1467 1577 1582 1641 fiat
1630 1576 1833 1642 officii.
1910 1578 2007 1642 Tu
2040 1580 2274 1654 autem,
2319 1578 2540 1656 Fanni,
2589 1578 2756 1660 quod
2781 1600 2806 1641 ⁹

296 1687 462 1751 mihi
508 1689 766 1750 tantum
813 1686 1008 1750 tribui
1055 1685 1228 1759 dicis,
1277 1688 1589 1767 quantum
1639 1703 1754 1766 ego
1801 1704 1919 1749 nec
1966 1685 2277 1767 adgnosco
2323 1705 2442 1750 nec
2486 1686 2757 1768 postu10‚

298 1794 457 1858 facis
507 1794 740 1865 amice;
802 1792 939 1868 sed,
997 1795 1073 1855 ut
1130 1792 1288 1856 mihi
1345 1791 1606 1867 videriS,
1664 1810 1791 1855 non
1850 1794 2021 1855 recte
2080 1791 2323 1856 iudicas
2372 1792 2447 1857 de
2496 1792 2757 1857 Catone.

298 1903 438 1965 Aut
484 1901 653 1965 enim
699 1918 904 1976 neme,
953 1899 1119 1980 quod
1156 1898 1412 1980 quidem
1458 1898 1665 1980 magis
1715 1898 1920 1975 credo,
1967 1901 2097 1975 aut,
2146 1898 2198 1961 si
2247 1900 2604 1981 quisquam,
2650 1900 2757 1963 ille

299 2170 318 2183 .
342 2170 354 2182 .
377 2170 388 2181 .
427 2129 619 2182 solitus
655 2146 792 2182 esses
829 2129 992 2197 obire]
1045 2126 1324 2180 konzessiv
1371 2127 1481 2193 „da

294 2220 375 2271 (111
410 2218 546 2271 doch
582 2219 781 2271 sonst
808 2259 819 2270 .
847 2258 858 2269 .
883 2258 894 2270 .
923 2216 1344 2269 wahrnahmst“.
1414 2216 1480 2269 In

296 2308 402 2360 der
437 2305 599 2359 Wahl
646 2306 741 2359 (193
778 2305 1142 2373 Plusquampf.
1193 2304 1330 2373 zeigt
1366 2303 1480 2357 31911

295 2397 391 2451 die
441 2398 654 2465 strenge
703 2395 1017 2464 Beachtung
1070 2394 1163 2448 des
1219 2392 1478 2462 richtigen

297 2485 799 2540 Zeitverhffltnisses
835 2485 907 2537 im
946 2484 1060 2538 Lat.

381 2587 428 2631 8.
482 2574 694 2627 summi
747 2615 758 2627 .
795 2615 806 2626 .
844 2615 854 2627 .
911 2573 1278 2641 amicissimi]
1341 2572 1478 2625 Dem

296 2662 606 2731 Superlativ
645 2663 941 2731 entspricht
976 2662 1049 2714 im
1077 2663 1142 2716 D.
1172 2663 1265 2715 das
1295 2661 1478 2729 pathe-

300 2752 445 2806 tisch
493 2752 794 2821 steigernde
844 2791 876 2818 „
889 2767 946 2804 so
959 2754 1016 2818 “3
1073 2756 1188 2803 tam
1242 2750 1477 2818 dagegen

299 2841 460 2895 weist
485 2842 580 2894 auf
607 2843 770 2894 etwas
798 2839 996 2893 bereits
1021 2840 1325 2892 Genanntes
1352 2838 1482 2890 oder

297 2929 589 2998 allgemein
616 2929 918 2982 Bekanntes
945 2927 1055 2980 hin.
1088 2960 1154 2968 -—
1193 2927 1478 2994 moderate]

305 3018 448 3084 „mit
513 3018 765 3071 weiser
819 3017 1179 3084 Massigung“.
1272 3016 1481 3083 Wegen

297 3108 403 3160 der
437 3105 682 3174 Stellung
729 3122 770 3158 3.
812 3123 876 3159 zu
913 3108 943 3173 ξ
983 3110 1010 3160 1
1049 3105 1373 3158 memoriter.
1413 3136 1480 3143 —

303 3213 401 3249 ‘nee
443 3195 688 3264 potuisse
738 3235 749 3247 .
782 3235 794 3247 .
826 3235 837 3247 .
884 3211 981 3246 neo
1027 3194 1220 3262 fuisse]
1269 3192 1347 3246 als
1384 3193 1481 3246 Er-

298 3285 530 3352 kun-ung
566 3302 634 3337 zu
668 3284 809 3351 ferre
835 3283 1102 3336 moderate
1140 3283 1480 3350 asyndetisch

299 3373 598 3442 angereiht.
637 3405 704 3412 —
741 3390 853 3425 non
879 3372 1228 3441 commoveri]
1269 3372 1479 3438 „unbe-

299 3464 446 3531 wegt
483 3461 753 3527 bleiben“,
800 3462 989 3515 darauf
1028 3461 1235 3514 bezieht
1271 3461 1384 3514 sich
1421 3461 1484 3513 id

305 3552 380 3604 im
418 3550 701 3619 folgenden
737 3549 938 3603 Gliede.
978 3581 1045 3589 —
1083 3567 1179 3603 nee
1214 3549 1387 3617 fuisse
1422 3549 1485 3602 id

297 3641 453 3694 Icum.
493 3642 635 3710 tuae]
690 3681 721 3708 „
733 3639 872 3693 auch
920 3644 1062 3693 ware
1108 3639 1221 3692 dies
1261 3679 1272 3691 .
1295 3678 1306 3690 .
1331 3679 1342 3690 .
1382 3655 1482 3691 un-

307 3729 588 3783 vereinbai·
613 3745 876 3798 gewesen,
910 3729 1056 3782 hatte
1083 3729 1196 3782 (1193
1223 3769 1235 3781 .
1259 3769 1269 3780 .
1293 3768 1304 3780 .
1336 3728 1485 3780 nicht

303 3819 615 3886 gestattet“.
655 3848 723 3857 —
773 3818 941 3887 quod]
980 3820 1108 3871 statt
1141 3819 1235 3871 (193
1271 3817 1482 3886 schlep-

305 3907 514 3976 pende-n
571 3922 716 3974 „was
767 3907 864 3959 das
919 3906 1234 3960 anbetriife“
1289 3907 1485 3961 kiirzer

305 3999 562 4063 „wenn“.
613 4026 681 4034 —
730 3994 1110 4064 valetudinem]
1159 4011 1336 4064 sogen.
1376 4012 1480 4049 vox

307 4084 482 4138 inedia
535 4083 638 4137 wie
691 4099 855 4137 unser
910 4083 1360 4149 ‚‚Befinden“.
1413 4116 1480 4123 —

304 4177 441 4224 reete
489 4178 550 4226 tu
597 4172 834 4241 quidem]
873 4171 980 4240 vgl.
1032 4189 1099 4225 zu
1144 4175 1174 4241 ξ
1210 4175 1281 4228 20
1317 4189 1480 4240 prae-

297 4261 450 4314 clare
477 4261 571 4314 illi
595 4262 826 4330 quidem.
865 4293 934 4301 —
971 4278 1066 4314 vieo
1106 4302 1152 4314 ..
1175 4302 1186 4314 .
1225 4263 1340 4330 nee]
1380 4277 1482 4327 „so

417 4348 688 4404 Cicimoxis
717 4352 943 4404 Lamus
973 4367 1039 4404 ns
1067 4367 1314 4405 1111101111.

1589 2127 1761 2195 wenig
1781 2168 1792 2179 .
1812 2167 1823 2179 .
1843 2168 1854 2178 .
1878 2127 2072 2180 ebenso
2100 2127 2274 2195 wenig
2309 2128 2392 2180 iib
2407 2145 2436 2181 9
2452 2128 2757 2196 1·haupt“.

1588 2216 1908 2284 Gegeniiber
1960 2217 2058 2269 (191·
2110 2216 2515 2270 Subordination
2568 2216 2641 2269 im
2693 2217 2758 2269 D.

1587 2304 1658 2358 ist
1706 2305 1781 2357 im
1831 2305 1944 2358 Lat.
1995 2305 2093 2358 der
2138 2305 2431 2359 besondere
2476 2305 2588 2359 Fal]
2639 2306 2762 2358 dem

1587 2393 1941 2463 allgemeinen
1967 2394 2290 2448 koordiniert
2316 2413 2367 2448 u.
2398 2413 2493 2448 zw.
2526 2395 2581 2448 in
2620 2394 2759 2448 chi-

1586 2484 1949 2537 astischer
1984 2483 2254 2553 Stellung:
2304 2485 2373 2538 ab
2420 2487 2525 2538 isto
2575 2484 2761 2551 officio

1589 2614 1601 2625 .
1625 2614 1635 2625 .
1661 2615 1672 2626 .
1703 2573 2041 2627 incommodo
2070 2591 2197 2640 meo,
2236 2574 2347 2628 ullo
2374 2591 2507 2627 casu
2536 2614 2547 2626 .
2572 2614 2583 2626 .
2604 2615 2617 2626 .
2647 2575 2763 2628 ulla

1586 2662 1803 2715 interm.
1842 2664 1932 2730 off.
1974 2689 2037 2707 =
2078 2681 2114 2716 a
2150 2663 2195 2729 b,
2243 2664 2274 2716 b
2310 2681 2360 2716 a.
2401 2695 2468 2702 -
2508 2681 2633 2716 eum
2668 2681 2761 2716 ra·-

1587 2753 1767 2820 lerem]
1818 2752 1921 2820 vgl.
1974 2770 2040 2805 zu
2076 2755 2107 2822 ξ
2142 2755 2176 2807 2
2212 2758 2273 2805 ut
2316 2753 2527 2806 solebat.
2567 2784 2634 2790 —
2671 2752 2761 2805 in-

1587 2842 1882 2910 commodo]
1948 2841 2049 2894 Die
2102 2841 2263 2894 Wahl
2328 2841 2499 2895 dieses
2563 2841 2763 2895 milden

1589 2930 1899 2982 Ausdrucks
1936 2931 2028 2982 fiir
2055 2930 2158 2982 den
2187 2930 2438 2984 Schmerz
2468 2930 2765 2999 entspricht

1587 3019 1712 3071 dem
1741 3017 2031 3073 Charakter
2055 3019 2151 3071 des
2180 3018 2373 3085 Lfflius,
2413 3019 2517 3087 vgl.
2548 3019 2683 3072 Einl.
2711 3022 2761 3076 3.

1666 3121 1711 3162 9.
1750 3109 1983 3176 tantum]
2013 3108 2420 3162 unbestimmter
2447 3108 2525 3162 als
2551 3114 2764 3162 tantam

1588 3197 1820 3250 laudem.
1860 3228 1928 3236 —
1965 3197 2249 3266 adqnoseo]
2290 3197 2367 3250 als
2406 3199 2575 3251 wahr:
2627 3200 2764 3266 „ad-

1587 3286 1891 3354 gnoscimus
1945 3285 1998 3338 id
2014 3326 2027 3352 ,
2090 3287 2227 3354 quod
2282 3289 2523 3340 nostrum
2576 3304 2783 3340 verum-

1588 3377 1842 3428 notumve
1899 3377 2037 3428 est“.
2096 3405 2165 3414 -—-
2228 3381 2289 3428 ut
2342 3376 2491 3429 milei
2540 3377 2761 3446 ridens]

1589 3464 1713 3517 Man
1751 3464 1904 3517 achte
1942 3466 2036 3517 auf
2071 3465 2173 3517 den
2221 3465 2445 3533 personl.
2487 3465 2765 3520 Gebrauch

1589 3569 1695 3605 von
1731 3552 1906 3606 rideri
1933 3554 2066 3606 auch
2096 3553 2151 3605 in
2180 3554 2639 3608 Zwischensatzen
2667 3555 2766 3608 mit

1588 3646 1664 3694 ut.
1722 3673 1790 3681 —-
1845 3643 1985 3710 quod
2031 3642 2267 3712 quidem]
2314 3644 2500 3697 Durch
2548 3645 2761 3713 quidem

1590 3731 1723 3784 wird
1779 3732 1877 3783 (191·
1931 3732 2155 3800 Gegens.
2214 3749 2335 3785 zum
2395 3733 2520 3802 folg.
2580 3733 2763 3786 Gliede

1589 3821 1918 3874 verschiirft:
1958 3821 2138 3886 „und
2174 3821 2385 3875 dies“.
2426 3854 2493 3861 —
2529 3823 2587 3875 si
2613 3823 2764 3890 quis-

1589 3911 1775 3978 quam]
1825 3927 2019 3976 „wenn
2054 3910 2453 3979 iiberhaupt
2486 3912 2701 3979 jemand
2716 3915 2763 3964 “.

1589 3997 1881 4066 quisquam
1955 3998 2101 4052 stellt
2170 4001 2263 4052 das
2326 4000 2766 4054 Vorhandensein

1591 4086 1741 4140 einer
1777 4086 1978 4141 Person
2028 4088 2083 4140 in
2122 4088 2287 4156 Frage
2335 4105 2386 4140 11.
2436 4088 2567 4141 wir-d
2616 4089 2765 4142 (19111-

1589 4178 1794 4242 ς91111113
1868 4177 2279 4246 vorzugsweise
2338 4177 2395 4229 in
2482 4177 2767 4246 negativen

1591 4264 1781 4318 Siitzen
1819 4266 2137 4334 gebraueht,
2190 4266 2259 4319 ist
2306 4267 2434 4320 aber
2478 4266 2613 4319 auch
2648 4267 2771 4319 hier

2304 4358 2338 4409 2
