3175 4825
437 307 512 369 86
1225 310 1496 365 Ciceronis
1531 309 1745 364 Laelius
1782 310 1846 362 de
1884 310 2116 363 amicitia

439 474 915 540 benevolentiae
970 473 1303 538 caritatem
1358 471 1531 537 facta
1585 472 2042 554 significatione
2088 472 2439 555 probitatis.
2533 471 2742 551 Quam
2790 475 2905 555 qui

443 582 914 665 appetiverunt,
975 580 1296 663 applicant
1350 597 1417 643 se
1465 582 1531 643 et
1574 579 1835 662 propius
1882 579 2247 655 admovent,
2306 581 2383 642 ut
2437 581 2503 643 et
2562 597 2685 643 usu
2745 575 2907 656 eius,

445 708 638 771 quem
685 688 944 770 diligere
992 687 1361 770 coeperunt,
1419 685 1721 750 fruantur
1766 689 1833 750 et
1876 686 2197 761 moribus;
2260 688 2537 767 suntque
2592 704 2777 769 pares
2834 687 2901 749 in

445 814 659 861 amore
706 796 772 859 et
817 794 1116 876 aequales
1161 793 1725 876 propensioresque
1786 792 1866 856 ad
1926 792 2083 856 bene
2130 792 2504 858 merendum
2567 811 2760 873 quam
2820 793 2901 857 ad

445 902 938 986 reposcendum,
998 904 1194 981 atque
1253 901 1412 965 haec
1468 900 1639 964 inter
1686 918 1792 964 eos
1842 902 1942 963 est
1987 899 2254 964 honesta
2300 901 2584 964 certatio.
2676 899 2782 965 Sic
2836 903 2909 964 et

448 1010 762 1075 utilitates
811 1028 887 1074 ex
934 1008 1214 1073 amicitia
1257 1008 1572 1072 maximae
1622 1007 1950 1089 capientur
2008 1009 2074 1071 et
2130 1007 2253 1071 erit
2297 1007 2432 1071 eius
2480 1008 2659 1071 ortus
2708 1026 2745 1071 a
2789 1027 2903 1072 na-

448 1119 596 1182 tura
657 1134 850 1198 quam
913 1116 991 1181 ab
1049 1114 1485 1180 imbecillitate
1547 1114 1797 1195 gravior
1859 1116 1925 1178 et
1986 1114 2206 1178 verior.
2310 1113 2479 1177 Nam
2541 1115 2597 1178 si
2655 1114 2907 1179 utilitas

449 1224 762 1289 amicitias
822 1223 1316 1305 conglutinaret,
1377 1221 1601 1285 eadem
1659 1223 2054 1286 commutata
2110 1221 2517 1295 dissolveret;
2580 1221 2690 1285 sed
2753 1222 2909 1303 quia

448 1333 683 1397 natura
744 1330 984 1395 mutari
1044 1348 1171 1394 non
1231 1330 1472 1411 potest,
1535 1328 1769 1393 idcirco
1830 1346 2067 1393 verae
2129 1327 2547 1393 amicitiae
2610 1330 2908 1411 sempi-

449 1442 732 1503 ternae
797 1439 1002 1501 sunt.
1106 1435 1337 1502 Ortum
1398 1434 1658 1517 quidem
1719 1434 2036 1499 amicitiae
2096 1434 2354 1511 videtis,
2417 1436 2542 1499 nisi
2603 1435 2759 1517 quid
2824 1436 2905 1499 ad

450 1545 606 1610 haec
652 1544 814 1610 forte
861 1544 1074 1608 vultis.

1517 1677 1833 1685 ———-———

627 1871 947 1936 Fannius.
1040 1872 1134 1935 Tu
1195 1890 1341 1936 vero
1399 1890 1619 1955 perge,
1680 1872 1889 1945 Laeli;
1948 1891 2060 1955 pro
2122 1872 2239 1935 hoc
2286 1872 2481 1948 enim,
2542 1872 2653 1952 qui
2699 1872 2908 1935 minor

452 1982 550 2045 est
595 1982 772 2056 natu,
817 1998 958 2044 meo
1004 1980 1141 2043 iure
1189 1979 1553 2062 respondeo,

629 2092 943 2160 Scaevola.
1035 2096 1232 2160 Recte
1280 2098 1352 2159 tu
1400 2095 1676 2177 quidem.
1769 2093 1979 2173 Quam
2027 2096 2105 2160 ob
2150 2113 2286 2159 rem
2335 2095 2689 2158 audiamus.

449 2380 572 2435 dem
607 2379 682 2433 im
717 2379 934 2434 Grunde
970 2395 1076 2433 von
1125 2378 1418 2434 sinnlicher
1460 2354 1625 2433 ljiebe

451 2472 537 2539 (-—-
568 2471 719 2544 ἐρᾶν)
747 2468 1111 2537 gebrauchten
1147 2486 1351 2536 amare,
1390 2468 1623 2522 welches

449 2560 592 2612 dann
638 2557 926 2626 jedenialls
982 2557 1138 2611 einen
1191 2558 1431 2612 hoheren
1482 2557 1623 2611 Grad
1734 2600 1744 2611 .
1778 2600 1788 2611 .
1822 2600 1832 2611 .

450 2649 546 2702 der
580 2647 993 2701 Freundesliebc
1043 2647 1352 2712 ausdriickt‚
1403 2646 1508 2715 vgl.
1557 2648 1623 2700 ad

450 2736 600 2791 Brut.
631 2737 674 2790 I.
715 2739 764 2803 1,
806 2739 863 2792 1:
904 2735 1093 2803 „valde
1123 2751 1210 2790 me
1238 2735 1481 2804 diligit
1515 2735 1622 2802 vel,

449 2828 512 2880 ut
565 2829 1009 2900 ἐμφατικώτερον
1062 2825 1261 2891 dicam,
1324 2824 1481 2879 valde
1535 2841 1625 2879 me

451 2931 550 2970 am
565 2915 689 2968 at“.
748 2947 815 2954 —
880 2914 1264 2968 bemvolentiw
1317 2914 1621 2983 caritatem]

450 3030 520 3050 ==
574 3003 989 3058 benevolentiam
1041 3009 1088 3058 et
1151 3004 1434 3058 caritatem
1497 3004 1627 3058 oder

450 3093 735 3148 caritatem
778 3094 1094 3148 benevolam.
1145 3125 1214 3132 —
1261 3094 1412 3161 facta
1445 3093 1625 3162 siqni-

449 3183 724 3252 ficatione]
760 3199 952 3251 „wenn
989 3182 1106 3236 sich
1141 3182 1285 3236 kund
1321 3181 1524 3251 giebt“.
1556 3215 1625 3220 —

451 3273 550 3342 qui
594 3273 982 3342 appetiverunt]
1033 3287 1274 3338 „wessen
1319 3271 1626 3340 Verlangen

455 3402 500 3414 ..
526 3402 537 3413 .
575 3361 841 3430 gerichtet
876 3361 1004 3414 ist‘fl
1055 3391 1125 3400 —
1170 3361 1454 3430 applicant
1487 3378 1543 3414 se
1577 3366 1627 3413 et

441 3469 598 3520 prop.
665 3451 964 3520 admovent]
1047 3454 1271 3523 ὕστερον
1343 3454 1624 3524 πρότερον,

451 3539 556 3608 vgl.
608 3540 701 3592 das
751 3539 968 3608 hiiufige
1020 3544 1228 3613 τράφεν
1266 3542 1360 3608 ἠδὲ
1399 3546 1628 3610 γένοντο

453 3628 538 3683 bei
592 3628 808 3682 Homer.
897 3628 1006 3681 Das
1059 3627 1444 3681 Naherriicken
1495 3627 1627 3696 liegt

451 3718 546 3770 fiir
593 3717 726 3782 den,
777 3717 874 3769 der
921 3717 1027 3770 den
1064 3717 1352 3771 Anschlul's
1402 3717 1480 3770 als
1530 3718 1627 3770 das

451 3805 782 3874 Wichtigere
820 3806 1131 3859 zuvorderst
1170 3805 1254 3858 ins
1290 3808 1442 3875 Auge
1478 3806 1624 3871 forst,

451 3892 639 3948 weiter
669 3894 883 3946 zuriick.
923 3925 991 3933 —
1027 3899 1089 3948 ut
1122 3911 1231 3947 usu
1360 3894 1628 3962 fruantur

451 3988 499 4037 et
533 3982 798 4052 moribus]
839 3999 951 4050 „an
987 3984 1109 4037 dem
1145 3983 1390 4051 Umgang
1418 4023 1430 4034 .
1454 4023 1500 4036 ..
1531 3983 1629 4036 der

452 4070 874 4126 Personlichkeit
921 4076 1008 4142 (zu
1056 4075 1086 4141 ἓ
1121 4073 1213 4140 30)
1265 4072 1380 4125 sich
1425 4089 1490 4124 zu
1541 4088 1625 4125 er-

449 4161 705 4215 freuen“.
776 4161 902 4228 frui
946 4161 1018 4214 ist
1061 4160 1212 4215 nicht
1245 4161 1338 4215 das
1374 4160 1626 4229 phraseo-

447 4248 686 4318 logische
706 4249 1026 4318 „geniessen
1041 4290 1055 4317 ‚
1085 4249 1202 4304 sich
1231 4251 1526 4304 erireuen“
1557 4275 1623 4294 =

449 4338 705 4408 „haben“
744 4339 886 4406 (uti).
926 4371 994 4378 —-
1029 4356 1194 4408 pares
1355 4339 1625 4407 aequales]

1733 2379 2022 2449 „gleichen
2079 2379 2258 2433 Grad
2474 2376 2681 2447 gleiche
2736 2378 2907 2430 Art“

1731 2470 1829 2522 der
1855 2468 2017 2524 Liebe
2055 2469 2255 2538 zeigen.
2296 2498 2363 2506 —
2401 2468 2477 2521 ad
2511 2467 2634 2520 bene
2668 2467 2907 2519 merend.

1878 2559 2280 2627 reposcendum]
2330 2557 2596 2624 „Dienste
2646 2555 2906 2609 erweisen

1858 2647 2247 2716 Gegendienste
2284 2647 2563 2700 fordcrn“.
2615 2676 2683 2684 —-
2732 2650 2781 2697 et
2818 2686 2830 2697 .
2854 2685 2865 2696 .
2891 2686 2907 2696 .

1731 2739 1797 2806 et]
1820 2736 2142 2803 „einerseits
2276 2734 2814 2790 anderseitsaber“.
2836 2766 2903 2772 —

1732 2844 1769 2880 a
1822 2831 2029 2880 natura
2080 2867 2092 2878 .
2128 2865 2139 2877 .
2174 2867 2185 2877 .
2238 2825 2305 2878 ab
2360 2824 2511 2894 ἰωὰ]
2569 2823 2907 2879 attlibutiver

1734 2915 2013 2972 Gebrauch
2032 2915 2129 2969 der
2145 2912 2905 2983 Prapositionalbestimmun&

1734 3003 2041 3059 erleichtert
2092 3003 2262 3057 durch
2315 3003 2401 3056 die
2455 3003 2512 3054 in
2564 3007 2715 3056 ortus
2770 3001 2907 3056 noch

1732 3093 2074 3148 vorhandene
2122 3092 2335 3146 verbale
2384 3091 2573 3145 Natur.
2613 3123 2681 3131 —
2728 3095 2911 3144 ortum

1732 3182 1970 3252 quidem]
2010 3182 2253 3237 schliel'st
2286 3181 2470 3235 diesen
2502 3180 2769 3250 (zweiten)
2796 3179 2906 3232 Teii

1734 3271 1798 3324 ab
1848 3289 1901 3324 n.
1956 3271 2182 3324 bereitet
2230 3271 2325 3324 auf
2374 3271 2469 3324 das
2507 3269 2745 3323 Weitere
2794 3285 2907 3335 vor,

1735 3376 1843 3414 was
1888 3360 2027 3414 noch
2077 3360 2211 3414 iiber
2256 3360 2342 3413 die
2392 3359 2787 3413 Freundschaft
2840 3375 2909 3411 zu

1734 3465 1896 3518 sagen
1925 3449 2114 3505 bleibt:
2143 3449 2519 3503 Transit-io.
2562 3480 2628 3487 -
2658 3448 2733 3501 ad
2756 3448 2907 3516 haec]

1735 3540 2009 3605 „darauf“
2039 3555 2110 3592 sc.
2140 3539 2327 3605 dicere,
2358 3539 2479 3592 eine
2508 3537 2594 3591 bei
2622 3537 2730 3592 Cic.
2758 3537 2913 3590 nicht

1734 3628 1938 3682 seltene
1981 3627 2277 3696 elliptische
2314 3626 2799 3681 Ausdrucksweise.
2840 3658 2909 3666 -

1735 3722 1793 3771 tu
1838 3735 1958 3770 vero
2000 3718 2179 3786 perye]
2234 3717 2430 3783 „fahre
2478 3717 2551 3769 du
2598 3732 2704 3769 nur
2756 3717 2912 3770 fort⁴2

1735 3805 1926 3859 nimmt
1961 3806 2143 3874 Bezug
2194 3806 2287 3858 auf
2334 3805 2421 3859 die
2471 3804 2643 3858 durch
2692 3805 2911 3874 quidem

1734 3895 2083 3964 angedeutete
2110 3894 2349 3960 Absicht‚
2377 3895 2473 3948 das
2498 3893 2699 3948 Thema
2725 3893 2917 3947 weiter

1732 3983 2125 4037 fortzufiihren.
2181 3983 2391 4036 Ebenso
2419 3983 2748 4052 bestatigend
2788 3982 2913 4036 bald

1733 4073 1923 4126 darauf
1966 4072 2149 4126 audite
2194 4090 2313 4126 vero
2351 4073 2549 4140 „heret
2597 4072 2800 4126 denn“.
2841 4103 2913 4112 —-

1734 4179 1849 4215 meo
1876 4162 2017 4231 iure]
2066 4162 2117 4214 d.
2154 4161 2207 4214 h.
2260 4161 2398 4216 nach
2445 4162 2567 4214 dem
2605 4161 2779 4215 Recht
2814 4161 2917 4215 des

1733 4241 1971 4304 Alter-en.
2024 4282 2090 4290 —
2142 4256 2277 4304 recte
2312 4256 2373 4305 tu
2408 4249 2646 4319 quidem]
2697 4249 2803 4318 vgl.
2844 4267 2915 4304 zu

1735 4342 1766 4409 ξ
1802 4341 1874 4395 20
1901 4341 2185 4408 praeclare
2220 4340 2315 4394 ich·
2348 4339 2577 4408 quidem.
