3175 4825
1189 279 1458 339 Ciceronis
1496 279 1708 337 Laelius
1744 281 1809 337 de
1848 279 2079 337 amicitia

405 280 479 343 80

409 446 780 528 diligamur;
830 447 1095 511 caritate
1130 447 1298 511 enim
1338 447 1900 529 benevolentiaque
1949 448 2203 510 sublata
2250 447 2453 510 omnis
2502 449 2600 510 est
2646 466 2678 509 e
2730 446 2857 510 vita

409 552 661 616 sublata
719 553 1099 617 iucunditas.
1190 553 1350 618 Mihi
1414 554 1671 635 quidem
1737 553 1975 636 Scipio,
2039 572 2429 635 quamquam
2490 556 2589 617 est
2650 555 2857 617 subito

409 662 681 742 ereptuS,
729 661 886 725 vivit
931 663 1146 725 tamen
1197 679 1569 743 semperque
1612 662 1815 734 vivet;
1865 662 2170 724 virtutem
2217 661 2385 724 enim
2432 661 2639 724 amavi
2684 661 2856 724 illius

409 767 549 843 viri,
599 786 759 847 quae
809 768 1120 831 exstincta
1166 787 1290 830 non
1339 771 1454 831 est.
1547 768 1681 832 Nec
1728 768 1885 831 mihi
1932 768 2047 831 soli
2095 769 2385 831 versatur
2434 773 2579 831 ante
2628 767 2857 844 oculOS‚

409 874 517 954 qui
562 874 738 937 illam
786 893 1034 958 semper
1080 875 1144 938 in
1191 875 1486 938 manibus
1533 875 1756 952 habui,
1804 874 1915 939 sed
1964 875 2157 938 etiam
2203 875 2470 956 posteris
2520 874 2639 937 erit
2686 874 2857 937 clara

409 986 472 1043 et
517 981 799 1062 insignis.
890 981 1092 1045 Nemo
1140 1000 1448 1063 umquam
1496 982 1704 1046 animo
1754 984 1867 1045 aut
1916 1000 2025 1064 spe
2072 981 2312 1045 maiora
2360 982 2685 1063 suscipiet,
2748 982 2858 1062 qui

407 1087 525 1150 sibi
593 1106 718 1151 non
778 1088 950 1151 illius
1020 1089 1391 1153 memoriam
1462 1092 1654 1169 atque
1724 1089 2067 1170 imaginem
2128 1087 2597 1171 proponendam
2657 1091 2857 1169 putet.

293 1217 384 1259 10³
406 1194 720 1275 Equidem
769 1213 842 1257 ex
875 1195 1166 1259 omnibus
1199 1196 1406 1271 rebUS,
1455 1214 1613 1276 quas
1660 1196 1817 1258 mihi
1865 1197 1977 1259 aut
2008 1194 2263 1259 fortuna
2309 1199 2423 1258 aut
2466 1196 2698 1257 natura
2744 1194 2858 1257 tri-

291 1965 378 2006 104

405 1301 573 1377 buit,
621 1301 780 1364 nihil
823 1301 1045 1378 habe0,
1094 1302 1261 1383 quod
1309 1322 1455 1366 cum
1506 1302 1786 1366 amicitia
1836 1301 2143 1384 Scipionis
2192 1302 2426 1383 possim
2475 1320 2858 1384 comparare.

403 1407 481 1471 In
539 1408 660 1471 hac
716 1408 874 1471 mihi
936 1408 1011 1472 de
1067 1427 1133 1472 re
1183 1410 1437 1491 publica
1484 1428 1857 1486 consensus,
1918 1409 1982 1472 in
2042 1409 2161 1472 hac
2205 1427 2419 1473 rerum
2464 1409 2858 1491 privatarum

407 1515 766 1591 consilium,
825 1515 891 1578 in
955 1515 1176 1580 eadem
1236 1516 1485 1596 requies
1533 1517 1723 1599 plena
1770 1516 2207 1581 oblectationis
2255 1515 2397 1579 fuit.
2486 1514 2858 1596 Numquam

405 1622 587 1685 illum
633 1640 712 1685 ne
760 1622 1025 1685 minima
1073 1622 1327 1703 quidem
1377 1642 1442 1685 re
1491 1622 1748 1698 offendi,
1798 1623 1965 1704 quod
2015 1622 2272 1704 quidem
2321 1622 2652 1699 senserim,
2698 1622 2858 1685 nihil

406 1728 618 1791 audivi
665 1746 739 1791 ex
786 1748 858 1791 60
905 1728 1058 1811 ipse,
1107 1728 1274 1810 quod
1322 1730 1587 1803 nollem3
1650 1750 1779 1793 una
1826 1731 2051 1793 domus
2101 1733 2256 1805 erat,
2303 1729 2471 1793 idem
2520 1729 2723 1792 victus
2772 1728 2858 1792 is-

407 1854 528 1917 que
592 1835 974 1911 communiS,
1039 1854 1244 1916 neque
1307 1836 1510 1899 solum
1571 1837 1831 1913 militia,
1895 1837 2004 1901 sed
2066 1837 2258 1900 etiam
2318 1836 2856 1918 peregrinationes

406 1942 976 2023 rusticationesque
1049 1961 1430 2006 communes.
1550 1943 1716 2007 Nam
1786 1943 1938 2024 quid
2010 1963 2123 2025 ego
2194 1943 2271 2007 dc
2343 1942 2570 2007 studiis
2648 1942 2855 2006 dicam

406 2048 818 2130 cognoscendi
867 2067 1113 2131 semper
1171 2049 1408 2130 aliquid
1473 2052 1664 2131 atque
1728 2050 2053 2115 discendi?
2116 2052 2182 2113 in
2231 2051 2459 2131 quibus
2506 2050 2730 2113 remoti
2780 2051 2858 2113 ab

406 2156 603 2219 oculis
661 2155 874 2238 populi
932 2174 1114 2219 omne
1163 2156 1436 2219 otiosum
1485 2159 1737 2240 tempus
1787 2157 2217 2221 contrivimus.
2310 2158 2597 2235 Quarum
2644 2175 2858 2219 rerum

405 2263 752 2327 recordatio
800 2266 864 2327 et
909 2264 1214 2328 memoria
1262 2264 1316 2327 si
1363 2283 1490 2327 una
1539 2284 1685 2328 cum
1729 2266 1838 2328 illo
1887 2264 2236 2342 occidisset,
2285 2264 2667 2328 desiderium
2714 2283 2860 2327 con-

404 2371 784 2435 iunctissimi
831 2372 1024 2453 atque
1073 2372 1498 2436 amantissimi
1545 2372 1661 2435 viri
1708 2371 1871 2436 ferre
1918 2373 2094 2437 nullo
2142 2371 2327 2436 modo
2374 2390 2643 2455 possem.
2734 2370 2857 2436 Sed

400 2617 741 2687 iucunditas]
781 2618 882 2686 vgl.
923 2622 953 2688 ς
990 2621 1055 2673 47
1108 2620 1273 2672 solem
1310 2637 1337 2672 e
1372 2621 1574 2673 mundo

401 2708 574 2760 tollere
609 2708 870 2775 videntur,
915 2708 1015 2776 qui
1047 2708 1364 2761 amicitiam
1399 2727 1426 2762 e
1463 2709 1575 2762 vita

402 2797 605 2850 tollunt.
648 2828 714 2835 —
751 2797 949 2866 subito]
987 2797 1091 2866 vgl.
1123 2800 1152 2866 ἕ
1188 2800 1269 2853 12.
1311 2831 1377 2837 -
1416 2800 1572 2868 quae]

405 2887 554 2953 „und
603 2886 804 2940 diese“.
860 2919 926 2925 —
979 2887 1044 2940 in
1079 2886 1338 2941 manibus
1375 2887 1572 2957 habui]

403 2975 476 3028 im
505 2976 568 3028 D.
611 2975 1039 3044 abgeschwacht:
1080 2993 1210 3043 „vor
1247 2977 1349 3030 mir
1383 2977 1578 3046 gehabt

403 3065 598 3119 habe“.
653 3095 720 3104 -—-
769 3066 924 3119 clara
970 3071 1018 3118 et
1065 3065 1329 3135 insiynis]
1381 3068 1440 3122 ἓν
1477 3070 1574 3121 διὰ

404 3157 594 3208 δυοῖν(
646 3153 731 3207 die
769 3155 957 3208 beiden
994 3154 1275 3223 Adjektiva
1313 3160 1574 3223 erganzen

405 3243 661 3297 einander
708 3261 772 3296 zu
815 3244 938 3298 dem
975 3243 1186 3312 Begriff
1220 3245 1314 3298 des
1353 3244 1574 3311 „hellen

404 3331 691 3386 Glanzes“.
745 3363 812 3371 —-
860 3333 1051 3386 animo
1097 3339 1193 3387 aut
1229 3351 1321 3402 spe
1356 3334 1576 3386 maiora

401 3421 681 3490 suscipiet]
721 3462 752 3488 ‚,
765 3421 911 3475 scine
950 3422 1235 3476 Gedanken
1276 3464 1286 3474 .
1320 3463 1330 3474 .
1365 3463 1374 3474 .
1415 3423 1574 3476 Hoff-

402 3526 618 3578 nungen
665 3510 872 3563 richten
923 3512 1015 3564 auf
1067 3552 1077 3562 .
1115 3552 1125 3562 .
1163 3514 1227 3563 .“.
1270 3543 1336 3552 -
1378 3530 1574 3580 propo·

402 3599 658 3668 nendum]
699 3626 765 3644 ==
802 3605 926 3653 ante
961 3601 1139 3654 oculos
1168 3619 1395 3670 propon.

483 3703 594 3744 103.
645 3688 710 3742 in
759 3690 886 3742 haec
939 3691 1061 3759 etc.]
1114 3690 1216 3758 vgl.
1269 3692 1298 3758 ξ
1352 3693 1419 3746 15
1468 3691 1575 3742 und

403 3777 539 3831 ffinl.
577 3780 626 3833 3.
677 3811 743 3817 —
795 3779 856 3832 de
891 3797 949 3831 re
978 3778 1224 3849 publiea]
1266 3779 1364 3846 „in
1401 3779 1574 3847 politi-

403 3867 567 3921 schen
621 3867 889 3936 Dingen“.
958 3901 1024 3907 —
1089 3868 1154 3920 in
1206 3869 1410 3937 eadem]
1474 3868 1576 3922 Die

401 3957 653 4025 Anapher
705 3958 776 4010 ist
829 3956 885 4009 in
939 3957 1139 4010 diesem
1189 3957 1374 4011 Gliede
1429 3957 1577 4011 nicht

403 4046 772 4112 angewendet,
825 4045 942 4098 weil
995 4062 1052 4100 es
1099 4045 1422 4115 selbstandig
1471 4048 1574 4100 den

401 4133 590 4186 beiden
647 4136 824 4188 ersten
843 4175 856 4201 ,
912 4135 1324 4188 untereinander
1375 4136 1573 4204 gleich-

402 4221 604 4289 artigen
667 4222 914 4276 Gliedern
977 4224 1437 4292 gegeniibersteht.
1506 4257 1570 4264 --

400 4326 816 4378 numquam...
847 4329 1024 4364 ne...
1056 4313 1295 4382 quidem]
1334 4331 1401 4367 zu
1438 4317 1467 4384 ἓ
1513 4318 1576 4370 10

1683 2638 1751 2674 ne
1786 2621 2019 2688 quidem.
2060 2653 2127 2660 —
2166 2621 2307 2688 quod
2332 2619 2549 2690 quidem
2572 2619 2856 2689 senserim]

1685 2710 2081 2763 beschrankend
2097 2709 2196 2763 wie
2216 2710 2357 2778 quod
2372 2710 2564 2764 sciam.
2605 2710 2715 2762 Der
2727 2709 2858 2763 Sinn

1684 2797 1755 2851 ist
1808 2797 2029 2852 nicht:
2095 2797 2182 2851 ich
2246 2798 2382 2852 habe
2446 2798 2540 2850 ihn
2594 2797 2682 2850 nie
2738 2797 2851 2851 ab·

1686 2887 2032 2940 sichtlich
2069 2886 2334 2956 beleidigt,
2374 2888 2632 2942 sondem:
2673 2904 2733 2941 er
2767 2887 2863 2944 hat

1686 2976 1800 3030 sich
1849 2977 1936 3030 nie
1974 2976 2142 3030 durch
2179 2977 2347 3043 mich,
2400 2977 2585 3030 soweit
2630 2976 2719 3029 ich
2766 2991 2857 3044 ge-

1686 3065 1861 3119 merkt
1894 3065 2054 3132 habe,
2093 3064 2345 3134 beleidigt
2378 3065 2602 3134 gefiihlt.
2644 3097 2710 3104 —
2748 3065 2859 3118 vie-

1686 3155 1791 3224 tus]
1820 3154 2198 3222 '„Haushalt“.

1766 3257 1876 3299 104.
1917 3243 2067 3298 Nam
2104 3245 2238 3312 quid
2366 3245 2570 3313 dicam]
2609 3244 2737 3298 Dies
2764 3243 2859 3298 be-

1687 3333 1838 3386 weist
1863 3349 2054 3402 genug,
2091 3333 2193 3386 wie
2222 3333 2369 3402 innig
2398 3349 2591 3388 unsere
2621 3333 2857 3388 Freund-

1686 3422 1863 3475 schaft
1908 3437 2181 3491 gewesen3
2236 3423 2415 3475 denn
2465 3439 2575 3477 was
2624 3422 2721 3476 soll
2770 3422 2858 3476 ich

1686 3529 1780 3580 gar
1816 3514 1926 3564 erst
1961 3529 2012 3564 u.
2053 3527 2094 3564 s.
2134 3529 2228 3566 w.:
2282 3512 2399 3565 eine
2436 3511 2858 3581 Amplifica-

1686 3601 1798 3654 tic.
1851 3633 1917 3639 ——
1968 3606 2126 3669 atque
2161 3600 2431 3670 disemidi]
2482 3601 2599 3654 tritt
2648 3601 2725 3654 als
2775 3617 2857 3654 er-

1686 3690 1983 3758 g'anzendes
2056 3689 2295 3743 Moment
2368 3708 2435 3744 zu
2508 3691 2862 3760 cognoscendi

1687 3779 1851 3832 hinzu
1888 3780 1995 3832 und
2034 3778 2347 3832 bezeichnet
2382 3779 2467 3834 die
2495 3779 2861 3847 Erweiterung

1688 3869 1783 3922 der
1818 3868 2141 3923 Kenntnisse
2189 3868 2267 3922 als
2306 3869 2423 3922 eine
2461 3869 2858 3923 wissenschaft-

1687 3957 1842 4023 liche,
1883 3957 2051 4011 durch
2079 3957 2301 4011 Studien
2328 3974 2655 4026 gewonnene
2693 3961 2857 4028 („un-

1686 4063 1803 4100 sere
1841 4047 2163 4101 Kenntnisse
2201 4047 2371 4100 durch
2410 4047 2632 4101 Studien
2670 4065 2737 4100 zu
2774 4064 2857 4100 er-

1685 4135 1991 4204 weitern“).
2034 4169 2101 4176 —
2150 4136 2449 4190 recordatio
2484 4143 2533 4190 et
2568 4137 2856 4205 memoria]

1686 4225 2005 4294 „lebendige
2042 4225 2444 4295 Erinnerung“.
2486 4259 2553 4265 —
2600 4227 2858 4280 coniunc-

1686 4315 1896 4368 tissimi
1920 4321 2078 4384 atque
2104 4315 2509 4385 amantissimi]
2538 4315 2641 4384 vgl.
2669 4318 2766 4388 §2
2790 4347 2857 4354 —-
