3175 4825
1396 342 1439 381 c.
1480 328 1564 381 20.
1605 328 1689 381 21.
2702 323 2775 384 65

317 490 598 554 amicitia
645 488 886 572 parum
923 490 1153 553 iustus.
1244 491 1456 570 Atque
1503 488 1568 552 in
1616 488 1787 552 omni
1834 507 1901 551 re
1950 487 2475 552 considerandum
2524 491 2647 565 est,
2708 489 2859 551 εἰπε

318 597 467 679 quid
516 597 800 679 postules
849 597 929 659 ab
977 597 1178 660 amico
1226 600 1290 659 et
1338 596 1489 677 quid
1536 596 1781 677 patiare
1830 613 1867 657 a
1914 597 1978 659 te
2025 595 2371 677 impetrari.

1513 784 1577 849 *k

493 988 613 1051 Est
659 988 850 1051 etiam
903 987 1218 1069 quaedam
1266 988 1599 1051 calamitas
1644 986 1725 1049 in
1786 986 2185 1051 amicitiis
2246 986 2875 1052 dimittendiszl

315 1114 442 1159 non
490 1113 844 1176 numquam
884 1095 1272 1159 necessaria:
1319 1094 1450 1157 iam
1499 1094 1669 1156 enim
1717 1111 1752 1156 a
1802 1094 2185 1175 sapientium
2233 1093 2771 1158 familiaritatibus

316 1202 397 1265 ad
429 1203 724 1283 vulgares
758 1201 1072 1265 amicitias
1105 1201 1306 1264 oratio
1337 1202 1558 1264 nostra
1589 1200 1924 1263 delabitur.
2001 1201 2368 1283 Erumpunt
2399 1220 2585 1283 saepe
2617 1201 2774 1264 vitia

316 1308 666 1372 amicorum
725 1312 866 1371 tum
923 1308 990 1371 in
1049 1308 1218 1390 ipsos
1281 1308 1543 1382 amieoS,
1605 1309 1744 1369 tum
1800 1307 1865 1369 in
1914 1307 2177 1385 alienOS,
2240 1326 2508 1389 quorum
2556 1309 2774 1371 tamen

317 1416 398 1479 ad
445 1416 679 1479 amicos
727 1414 1042 1479 redundet
1085 1413 1384 1477 infamia:
1432 1414 1597 1477 tales
1643 1414 1840 1495 igitur
1872 1414 2189 1478 amicitiae
2224 1417 2375 1478 sunt
2404 1414 2773 1478 remissione

314 1541 474 1585 usus
536 1522 843 1586 eluendae
904 1523 993 1596 et,
1053 1525 1128 1584 ut
1184 1520 1491 1586 Catonem
1549 1520 1755 1583 dicere
1818 1520 2060 1597 audivi,
2127 1520 2506 1585 dissuendae
2567 1523 2772 1602 magis

317 1647 512 1709 quam
572 1628 1046 1705 discindendae,
1104 1628 1229 1691 nisi
1292 1626 1608 1709 quaedam
1670 1626 2013 1690 admodum
2072 1628 2486 1692 intolerabilis
2541 1628 2769 1691 iniuria

315 1737 646 1810 exarserit,
706 1738 781 1798 ut
838 1753 1044 1816 neque
1104 1737 1352 1798 rectum
1398 1752 1606 1815 neque
1654 1734 1993 1797 honestum
2054 1735 2138 1797 sit
2192 1753 2310 1798 nec
2362 1734 2500 1798 fieri
2556 1736 2773 1817 possit,

314 1844 391 1905 ut
435 1860 561 1905 non
609 1842 831 1905 statim
879 1840 1175 1905 alienatio
1208 1840 1672 1921 disiunctioque
1720 1839 2007 1904 facienda
2054 1841 2154 1904 sit.
2234 1841 2345 1905 Sin
2394 1844 2612 1905 autem
2660 1844 2857 1904 aut-17

314 1968 570 2012 morum
618 1951 733 2012 aut
779 1948 1139 2012 studiorum
1189 1948 1604 2011 commutatio
1653 1946 1994 2027 quaedam,
2056 1952 2131 2011 ut
2175 1948 2310 2011 fieri
2358 1948 2545 2025 solet,
2604 1948 2775 2012 facta

391 2227 472 2268 76.
521 2215 698 2281 atque]
748 2214 898 2279 „und
937 2217 1066 2267 so‘⁸:
1119 2212 1488 2281 verallgemei-

313 2302 486 2355 nemd
526 2302 632 2354 und
672 2300 911 2369 zugleich
948 2300 1353 2356 abschliessend.

387 2468 436 2516 3.
491 2469 785 2516 Boseudere
840 2467 1203 2516 Vononi-iiten
1264 2469 1352 2516 ffu-
1407 2469 1490 2516 die

311 2558 568 2618 vulgares
596 2557 862 2605 amicitiae
889 2551 1063 2620 (XXI,
1087 2554 1154 2606 76
1185 2583 1251 2590 —
1279 2551 1487 2619 XXVI,

316 2643 457 2708 100).

377 2749 539 2817 Καὶ».
592 2748 697 2805 21.
773 2747 838 2800 in
887 2747 1161 2800 amicitiis
1211 2747 1488 2801 dimitten-

311 2837 422 2906 dis]
475 2853 599 2902 „wo
637 2853 694 2888 es
732 2836 847 2889 sich
887 2877 898 2887 .
922 2877 969 2888 ..
1009 2835 1251 2902 handelt,
1303 2852 1384 2889 wo
1431 2852 1489 2889 es

311 2925 472 2994 gilt“.
548 2957 616 2964 —
689 2925 1027 2993 necessaria]
1103 2925 1488 2991 „unvermeid-

308 3014 480 3068 lich“.
504 3047 571 3053 —
600 3015 890 3084 delabitur]
920 3014 1032 3067 bez.
1055 3014 1203 3067 nicht
1221 3013 1488 3066 schlecht-

313 3104 406 3156 hin
464 3105 567 3156 den
619 3094 908 3171 Ubergang
961 3121 1030 3156 zu
1083 3103 1258 3155 einem
1313 3119 1488 3155 neuen

309 3191 481 3260 Teile,
532 3192 760 3245 sondern
809 3191 880 3244 ist
923 3190 1022 3244 mit
1057 3190 1349 3245 Riicksicht
1397 3192 1491 3244 auf

311 3282 560 3349 vaeclyares
633 3280 876 3349 gewahlt.
981 3280 1087 3334 Zur
1149 3279 1318 3334 Sache
1382 3279 1486 3348 vgl.

313 3369 450 3423 Einl.
491 3372 541 3424 5.
582 3401 649 3407 —
688 3386 918 3437 quorum
955 3375 1138 3423 tamen
1173 3369 1248 3422 ad
1281 3369 1488 3423 amieos

309 3459 569 3512 redundet
623 3458 889 3527 infamia]
947 3459 1055 3512 Das
1105 3458 1488 3526 Schimpfliche

310 3549 530 3614 dessen,
581 3563 690 3601 was
739 3547 882 3600 mein
934 3547 1147 3601 Freund
1195 3565 1262 3600 an
1314 3547 1486 3600 einem

311 3638 516 3690 andern
557 3636 771 3704 begeht,
824 3636 942 3690 fallt
978 3637 1073 3689 auf
1109 3636 1252 3688 mich
1292 3637 1488 3690 zuriick

309 3726 450 3778 nach
489 3726 608 3778 dem
649 3725 971 3778 Grundsatz:
1011 3725 1190 3793 „Sage
1227 3725 1353 3794 mir,
1395 3725 1491 3777 mit

311 3831 448 3867 wem
487 3815 558 3866 du
597 3815 868 3882 umgehst,
921 3815 1030 3866 und
1068 3814 1151 3868 ich
1192 3815 1369 3868 werde
1407 3814 1489 3867 dir

309 3920 490 3971 Sagen,
529 3919 640 3956 wer
673 3904 750 3955 du
788 3903 940 3957 bist.“
999 3904 1082 3956 Da
1117 3920 1227 3956 nun
1257 3921 1488 3971 quomam

309 3992 421 4044 sich
454 4008 560 4044 nur
587 3993 680 4045 auf
704 3992 790 4045 die
818 3992 957 4045 vitia
985 3992 1048 4044 in
1074 3992 1280 4045 alimzos
1308 4009 1486 4045 erum-

299 4081 497 4149 pentia
525 4081 780 4134 beziehen
809 4081 967 4147 kann,
1005 4097 1064 4134 so
1103 4082 1366 4134 erfordert
1401 4082 1487 4134 die

310 4169 675 4224 Deutlichkeit
721 4170 792 4222 im
833 4170 896 4223 D.
938 4169 1092 4224 einen
1133 4170 1322 4224 Zusatz
1362 4169 1486 4223 wie:

307 4257 576 4324 „Fehle1·,
629 4275 732 4312 von
779 4259 950 4312 denen
1001 4259 1084 4311 im
1134 4259 1487 4314 letzteren

303 4347 444 4400 Fal}
461 4364 492 4400 e
515 4388 552 4399 ..
569 4352 634 4400 .“.
674 4347 953 4416 Del-Konj.
971 4349 1220 4402 redundet
1239 4350 1353 4402 bez.
1375 4349 1485 4415 das,

1600 2228 1708 2265 was
1745 2228 1849 2263 von
1887 2212 1990 2265 den
2028 2212 2168 2264 vitia
2206 2215 2484 2281 ausgesagt
2511 2212 2659 2279 wird,
2697 2213 2776 2266 als

1598 2300 1653 2352 in
1691 2301 1856 2353 deren
1882 2300 2085 2353 Wesen
2126 2301 2434 2368 begriindet.
2475 2333 2541 2339 —
2580 2302 2776 2355 remis-

1596 2390 1770 2459 sione]
1803 2389 2215 2459 „Lockerung“.
2240 2423 2305 2429 —
2332 2390 2605 2461 eluendae]
2634 2396 2774 2445 tam-

1597 2497 1764 2548 quam
1800 2479 1941 2532 labes
1978 2485 2135 2547 atque
2171 2481 2448 2543 maa-ulae,-
2490 2479 2588 2532 wir
2613 2496 2775 2548 Sagen

1598 2569 1653 2620 in
1691 2567 2101 2635 einheitlichem,
2138 2569 2242 2621 den
2271 2568 2621 2623 Ausdriicken
2656 2569 2771 2622 dis-

1597 2658 1831 2711 suendae
1886 2657 2598 2726 („auseinande1·trennen“)
2663 2659 2775 2711 und

1596 2747 1981 2800 discindendae
2068 2749 2130 2815 („
2145 2746 2696 2801 auseinanderreissen
2712 2748 2774 2814 “)

1598 2835 2057 2904 entsprechenden
2113 2834 2291 2889 Bilde:
2354 2852 2503 2902 „von
2558 2835 2775 2890 solchen

1598 2924 2297 2980 Freundschaftsbanden
2334 2925 2477 2979 muss
2504 2941 2628 2978 man
2658 2925 2775 2978 sich

1597 3013 1991 3066 freimachen“.
2014 3044 2081 3051 —
2111 3013 2393 3082 exarserit]
2422 3013 2593 3066 Futur
2612 3013 2682 3066 H.
2704 3045 2774 3053 —

1598 3119 1693 3154 nee
1728 3101 1859 3170 fieri
1885 3101 2087 3169 possit,
2138 3106 2197 3154 ut
2232 3103 2363 3170 non!
2416 3102 2596 3169 „noch
2636 3103 2774 3156 auch

1599 3190 1938 3259 (iiberhaupt)
1978 3191 2169 3244 anders
2206 3189 2433 3259 moglich
2470 3195 2612 3244 wiire
2627 3231 2640 3257 ,
2694 3190 2774 3245 als

1598 3281 1716 3334 dass
1755 3320 1765 3332 .
1790 3320 1801 3332 .
1825 3284 1890 3331 .“.
1942 3279 2044 3332 Die
2075 3279 2267 3333 beiden
2296 3282 2472 3333 ersten
2503 3279 2775 3333 Partikeln

1599 3387 1763 3437 neque
1802 3410 1813 3421 .
1838 3409 1884 3421 ..
1924 3385 2090 3437 neque
2144 3368 2616 3436 korrespondieren
2670 3385 2777 3422 nur

1598 3457 2026 3511 untereinander.
2113 3457 2232 3510 Den
2290 3457 2775 3526 Subjektsinfinitiv

1600 3564 1665 3600 zu
1712 3551 1914 3599 rectum
1964 3587 2009 3599 ..
2035 3587 2046 3598 .
2092 3547 2370 3600 honestum
2416 3547 2492 3600 sit
2548 3552 2775 3616 erganze

1598 3652 1694 3689 aus
1730 3641 1790 3688 ut
1825 3653 1936 3688 own
1976 3677 1987 3688 .
2012 3676 2057 3688 ..
2094 3636 2353 3703 facienda
2388 3636 2476 3688 sit.

1674 3739 1695 3778 7
1710 3739 1753 3778 7.
1810 3725 1913 3777 Sin
1950 3726 2153 3795 autem]
2205 3725 2344 3778 ohne
2382 3724 2775 3793 voraufgehen·

1596 3813 1700 3866 den
1737 3813 2208 3882 Bedingungssatz,
2247 3813 2398 3866 leitet
2433 3812 2507 3865 im
2546 3813 2772 3881 GegenS.

1599 3920 1665 3956 zu
1692 3903 1795 3956 den
1823 3903 1963 3956 vitia
1992 3903 2112 3956 eine
2142 3904 2358 3969 andere,
2400 3903 2453 3955 in
2482 3903 2579 3956 der
2604 3903 2774 3956 Wan-

1596 3991 1795 4060 delung
1812 3992 1908 4045 des
1928 3991 2244 4047 Charakters
2269 4009 2320 4045 u.
2343 3991 2438 4045 der
2456 3991 2775 4060 Neigungen

1597 4081 1724 4134 oder
1759 4081 1815 4133 in
1852 4081 1997 4149 polit.
2036 4080 2503 4150 Misshelligkeiten
2541 4081 2773 4149 begriin-

1596 4171 1716 4223 dete
1736 4172 1837 4223 Art
1854 4171 1951 4222 der
1969 4170 2365 4238 Ver-anlassung
2390 4186 2511 4222 zum
2532 4169 2774 4222 Freuud-

1597 4260 2000 4313 schaftsbruche
2039 4260 2141 4313 ein.
2182 4292 2248 4299 —
2295 4265 2393 4312 ant
2431 4299 2442 4311 .
2466 4300 2477 4312 .
2502 4300 2513 4312 .
2552 4264 2649 4312 aut
2687 4299 2698 4310 .
2723 4299 2733 4309 .
2758 4298 2774 4310 .

1596 4350 1712 4417 avet]
1766 4349 1953 4402 stehen
2004 4349 2057 4400 in
2108 4348 2414 4402 demselben
2463 4345 2779 4400 Verhffltnis
