<?xml version="1.0" encoding="UTF-8"?>
<!DOCTYPE html PUBLIC "-//W3C//DTD XHTML 1.0 Transitional//EN"
    "http://www.w3.org/TR/xhtml1/DTD/xhtml1-transitional.dtd">
<html xmlns="http://www.w3.org/1999/xhtml" xml:lang="en" lang="en">
 <head>
  <title>
</title>
<meta http-equiv="Content-Type" content="text/html;charset=utf-8" />
  <meta name='ocr-system' content='tesseract 3.04.00' />
  <meta name='ocr-capabilities' content='ocr_page ocr_carea ocr_par ocr_line ocrx_word'/>
</head>
<body>
  <div class='ocr_page' id='page_1' title='image "./mtulliciceronis00stregoog_0075.png"; bbox 0 0 3175 4825; ppageno 0'>
   <div class='ocr_carea' id='block_1_1' title="bbox 1439 266 2747 327">
    <p class='ocr_par' dir='ltr' id='par_1_1' title="bbox 1439 266 2747 327">
     <span class='ocr_line' id='line_1_1' title="bbox 1439 266 2747 327; baseline 0.003 -4"><span class='ocrx_word' id='word_1_1' title='bbox 1439 286 1481 323; x_wconf 85' lang='lat' dir='ltr'>e.</span> <span class='ocrx_word' id='word_1_2' title='bbox 1521 272 1606 325; x_wconf 79' lang='lat'>21.</span> <span class='ocrx_word' id='word_1_3' title='bbox 2675 266 2747 327; x_wconf 74' lang='lat'>67</span> 
     </span>
    </p>
   </div>
   <div class='ocr_carea' id='block_1_2' title="bbox 282 430 2839 2331">
    <p class='ocr_par' dir='ltr' id='par_1_2' title="bbox 282 430 2839 2331">
     <span class='ocr_line' id='line_1_2' title="bbox 283 430 2745 515; baseline -0.001 -19"><span class='ocrx_word' id='word_1_4' title='bbox 283 434 354 496; x_wconf 83' lang='lat' dir='ltr'>in</span> <span class='ocrx_word' id='word_1_5' title='bbox 413 433 566 515; x_wconf 88' lang='lat' dir='ltr'>ipsis</span> <span class='ocrx_word' id='word_1_6' title='bbox 629 433 794 497; x_wconf 88' lang='lat' dir='ltr'>inest</span> <span class='ocrx_word' id='word_1_7' title='bbox 855 452 1079 508; x_wconf 87' lang='lat' dir='ltr'>causa,</span> <span class='ocrx_word' id='word_1_8' title='bbox 1143 453 1257 497; x_wconf 91' lang='lat' dir='ltr'>cur</span> <span class='ocrx_word' id='word_1_9' title='bbox 1301 432 1667 515; x_wconf 77' lang='lat' dir='ltr'><strong>diligantur.</strong></span> <span class='ocrx_word' id='word_1_10' title='bbox 1750 433 1995 497; x_wconf 84' lang='lat' dir='ltr'>Rarum</span> <span class='ocrx_word' id='word_1_11' title='bbox 2043 432 2276 513; x_wconf 81' lang='lat' dir='ltr'>genus!</span> <span class='ocrx_word' id='word_1_12' title='bbox 2355 432 2439 495; x_wconf 85' lang='lat' dir='ltr'>Et</span> <span class='ocrx_word' id='word_1_13' title='bbox 2488 430 2745 512; x_wconf 88' lang='lat' dir='ltr'>quidem</span> 
     </span>
     <span class='ocr_line' id='line_1_3' title="bbox 282 536 2745 622; baseline -0.001 -20"><span class='ocrx_word' id='word_1_14' title='bbox 282 540 501 603; x_wconf 81' lang='lat' dir='ltr'>omnia</span> <span class='ocrx_word' id='word_1_15' title='bbox 546 542 874 622; x_wconf 88' lang='lat' dir='ltr'>praeclara</span> <span class='ocrx_word' id='word_1_16' title='bbox 921 560 1082 616; x_wconf 88' lang='lat' dir='ltr'>rara,</span> <span class='ocrx_word' id='word_1_17' title='bbox 1128 560 1247 604; x_wconf 88' lang='lat' dir='ltr'>nec</span> <span class='ocrx_word' id='word_1_18' title='bbox 1281 540 1624 622; x_wconf 86' lang='lat' dir='ltr'>quicquam</span> <span class='ocrx_word' id='word_1_19' title='bbox 1658 539 1975 605; x_wconf 87' lang='lat' dir='ltr'>difficilius</span> <span class='ocrx_word' id='word_1_20' title='bbox 2012 557 2204 620; x_wconf 90' lang='lat' dir='ltr'>quam</span> <span class='ocrx_word' id='word_1_21' title='bbox 2235 538 2529 621; x_wconf 89' lang='lat' dir='ltr'>reperire,</span> <span class='ocrx_word' id='word_1_22' title='bbox 2578 536 2745 619; x_wconf 90' lang='lat' dir='ltr'>quod</span> 
     </span>
     <span class='ocr_line' id='line_1_4' title="bbox 283 644 2744 730; baseline -0.001 -21"><span class='ocrx_word' id='word_1_23' title='bbox 283 648 375 710; x_wconf 77' lang='lat' dir='ltr'>sit</span> <span class='ocrx_word' id='word_1_24' title='bbox 432 647 602 709; x_wconf 90' lang='lat' dir='ltr'>omni</span> <span class='ocrx_word' id='word_1_25' title='bbox 659 666 731 711; x_wconf 83' lang='lat' dir='ltr'>ex</span> <span class='ocrx_word' id='word_1_26' title='bbox 791 650 970 730; x_wconf 90' lang='lat' dir='ltr'>parte</span> <span class='ocrx_word' id='word_1_27' title='bbox 1017 649 1084 710; x_wconf 88' lang='lat' dir='ltr'>in</span> <span class='ocrx_word' id='word_1_28' title='bbox 1131 666 1245 711; x_wconf 88' lang='lat' dir='ltr'>suo</span> <span class='ocrx_word' id='word_1_29' title='bbox 1293 665 1520 729; x_wconf 82' lang='lat' dir='ltr'>genere</span> <span class='ocrx_word' id='word_1_30' title='bbox 1568 646 1939 730; x_wconf 87' lang='lat' dir='ltr'>perfectum.</span> <span class='ocrx_word' id='word_1_31' title='bbox 2035 644 2159 709; x_wconf 87' lang='lat' dir='ltr'>Sed</span> <span class='ocrx_word' id='word_1_32' title='bbox 2207 645 2491 728; x_wconf 88' lang='lat' dir='ltr'>plerique</span> <span class='ocrx_word' id='word_1_33' title='bbox 2537 663 2744 725; x_wconf 87' lang='lat' dir='ltr'>neque</span> 
     </span>
     <span class='ocr_line' id='line_1_5' title="bbox 284 751 2746 835; baseline -0.001 -19"><span class='ocrx_word' id='word_1_34' title='bbox 284 754 355 816; x_wconf 89' lang='lat' dir='ltr'>in</span> <span class='ocrx_word' id='word_1_35' title='bbox 401 754 590 817; x_wconf 87' lang='lat' dir='ltr'>rebus</span> <span class='ocrx_word' id='word_1_36' title='bbox 636 754 936 818; x_wconf 85' lang='lat' dir='ltr'>humanis</span> <span class='ocrx_word' id='word_1_37' title='bbox 986 754 1329 835; x_wconf 90' lang='lat' dir='ltr'>quicquam</span> <span class='ocrx_word' id='word_1_38' title='bbox 1375 754 1614 817; x_wconf 89' lang='lat' dir='ltr'>bonum</span> <span class='ocrx_word' id='word_1_39' title='bbox 1657 756 1910 829; x_wconf 90' lang='lat' dir='ltr'>norunt,</span> <span class='ocrx_word' id='word_1_40' title='bbox 1956 752 2081 815; x_wconf 87' lang='lat' dir='ltr'>nisi</span> <span class='ocrx_word' id='word_1_41' title='bbox 2128 752 2296 833; x_wconf 90' lang='lat' dir='ltr'>quod</span> <span class='ocrx_word' id='word_1_42' title='bbox 2343 751 2746 815; x_wconf 84' lang='lat' dir='ltr'>fructuosum</span> 
     </span>
     <span class='ocr_line' id='line_1_6' title="bbox 284 857 2748 943; baseline -0.002 -19"><span class='ocrx_word' id='word_1_43' title='bbox 284 861 400 938; x_wconf 78' lang='lat' dir='ltr'>sit,</span> <span class='ocrx_word' id='word_1_44' title='bbox 447 863 512 925; x_wconf 87' lang='lat' dir='ltr'>et</span> <span class='ocrx_word' id='word_1_45' title='bbox 557 862 794 925; x_wconf 88' lang='lat' dir='ltr'>amicos</span> <span class='ocrx_word' id='word_1_46' title='bbox 841 864 1175 943; x_wconf 88' lang='lat' dir='ltr'>tamquam</span> <span class='ocrx_word' id='word_1_47' title='bbox 1219 860 1494 943; x_wconf 87' lang='lat' dir='ltr'>pecudes</span> <span class='ocrx_word' id='word_1_48' title='bbox 1544 879 1651 924; x_wconf 88' lang='lat' dir='ltr'>eos</span> <span class='ocrx_word' id='word_1_49' title='bbox 1698 860 2100 943; x_wconf 87' lang='lat' dir='ltr'>potissimum</span> <span class='ocrx_word' id='word_1_50' title='bbox 2150 858 2439 941; x_wconf 88' lang='lat' dir='ltr'>diligunt,</span> <span class='ocrx_word' id='word_1_51' title='bbox 2486 877 2562 922; x_wconf 85' lang='lat' dir='ltr'>ex</span> <span class='ocrx_word' id='word_1_52' title='bbox 2610 857 2748 939; x_wconf 93' lang='lat' dir='ltr'>qui-</span> 
     </span>
     <span class='ocr_line' id='line_1_7' title="bbox 286 964 2839 1051; baseline -0.003 -20"><span class='ocrx_word' id='word_1_53' title='bbox 286 968 408 1031; x_wconf 79' lang='lat' dir='ltr'>bus</span> <span class='ocrx_word' id='word_1_54' title='bbox 457 970 716 1051; x_wconf 85' lang='lat' dir='ltr'>sperant</span> <span class='ocrx_word' id='word_1_55' title='bbox 762 987 828 1031; x_wconf 88' lang='lat' dir='ltr'>se</span> <span class='ocrx_word' id='word_1_56' title='bbox 877 968 1227 1032; x_wconf 81' lang='lat' dir='ltr'>maximum</span> <span class='ocrx_word' id='word_1_57' title='bbox 1273 966 1554 1031; x_wconf 84' lang='lat' dir='ltr'>fructum</span> <span class='ocrx_word' id='word_1_58' title='bbox 1603 986 1740 1031; x_wconf 86' lang='lat' dir='ltr'>esse</span> <span class='ocrx_word' id='word_1_59' title='bbox 1789 969 2104 1049; x_wconf 86' lang='lat' dir='ltr'>capturos.</span> <span class='ocrx_word' id='word_1_60' title='bbox 2171 965 2275 1029; x_wconf 90' lang='lat' dir='ltr'>Ita</span> <span class='ocrx_word' id='word_1_61' title='bbox 2320 964 2747 1048; x_wconf 87' lang='lat' dir='ltr'>pulcherrima</span> <span class='ocrx_word' id='word_1_62' title='bbox 2770 981 2839 1025; x_wconf 80' lang='lat' dir='ltr'>so</span> 
     </span>
     <span class='ocr_line' id='line_1_8' title="bbox 288 1074 2749 1156; baseline -0.001 -19"><span class='ocrx_word' id='word_1_63' title='bbox 288 1074 403 1138; x_wconf 88' lang='lat' dir='ltr'>illa</span> <span class='ocrx_word' id='word_1_64' title='bbox 449 1077 513 1138; x_wconf 88' lang='lat' dir='ltr'>et</span> <span class='ocrx_word' id='word_1_65' title='bbox 558 1078 832 1139; x_wconf 83' lang='lat' dir='ltr'>maxime</span> <span class='ocrx_word' id='word_1_66' title='bbox 879 1075 1160 1139; x_wconf 87' lang='lat' dir='ltr'>naturali</span> <span class='ocrx_word' id='word_1_67' title='bbox 1206 1076 1425 1139; x_wconf 77' lang='lat' dir='ltr'>carent</span> <span class='ocrx_word' id='word_1_68' title='bbox 1471 1074 1749 1138; x_wconf 90' lang='lat' dir='ltr'>amicitia</span> <span class='ocrx_word' id='word_1_69' title='bbox 1805 1093 1917 1156; x_wconf 89' lang='lat' dir='ltr'>per</span> <span class='ocrx_word' id='word_1_70' title='bbox 1978 1090 2043 1136; x_wconf 89' lang='grc'>89</span> <span class='ocrx_word' id='word_1_71' title='bbox 2092 1074 2156 1136; x_wconf 90' lang='lat' dir='ltr'>et</span> <span class='ocrx_word' id='word_1_72' title='bbox 2199 1074 2457 1155; x_wconf 88' lang='lat' dir='ltr'>propter</span> <span class='ocrx_word' id='word_1_73' title='bbox 2518 1090 2585 1135; x_wconf 92' lang='grc'>89</span> <span class='ocrx_word' id='word_1_74' title='bbox 2646 1090 2749 1135; x_wconf 83' lang='lat' dir='ltr'>ex-</span> 
     </span>
     <span class='ocr_line' id='line_1_9' title="bbox 288 1179 2749 1264; baseline -0.002 -19"><span class='ocrx_word' id='word_1_75' title='bbox 288 1182 508 1264; x_wconf 84' lang='lat' dir='ltr'>petita,</span> <span class='ocrx_word' id='word_1_76' title='bbox 556 1201 672 1245; x_wconf 89' lang='lat' dir='ltr'>nec</span> <span class='ocrx_word' id='word_1_77' title='bbox 716 1183 837 1264; x_wconf 89' lang='lat' dir='ltr'>ipsi</span> <span class='ocrx_word' id='word_1_78' title='bbox 886 1182 1005 1246; x_wconf 86' lang='lat' dir='ltr'>sibi</span> <span class='ocrx_word' id='word_1_79' title='bbox 1052 1181 1334 1263; x_wconf 85' lang='lat' dir='ltr'>exemplo</span> <span class='ocrx_word' id='word_1_80' title='bbox 1385 1182 1560 1258; x_wconf 90' lang='lat' dir='ltr'>sunt,</span> <span class='ocrx_word' id='word_1_81' title='bbox 1607 1180 1766 1245; x_wconf 89' lang='lat' dir='ltr'>haec</span> <span class='ocrx_word' id='word_1_82' title='bbox 1813 1180 1906 1243; x_wconf 87' lang='lat' dir='ltr'>vis</span> <span class='ocrx_word' id='word_1_83' title='bbox 1954 1180 2268 1244; x_wconf 78' lang='lat' dir='ltr'>amicitiae</span> <span class='ocrx_word' id='word_1_84' title='bbox 2317 1181 2380 1243; x_wconf 90' lang='lat' dir='ltr'>et</span> <span class='ocrx_word' id='word_1_85' title='bbox 2429 1179 2635 1260; x_wconf 87' lang='lat' dir='ltr'>qualis</span> <span class='ocrx_word' id='word_1_86' title='bbox 2684 1180 2749 1242; x_wconf 91' lang='lat' dir='ltr'>et</span> 
     </span>
     <span class='ocr_line' id='line_1_10' title="bbox 287 1286 2749 1371; baseline -0.001 -20"><span class='ocrx_word' id='word_1_87' title='bbox 287 1290 537 1369; x_wconf 86' lang='lat' dir='ltr'>quanta</span> <span class='ocrx_word' id='word_1_88' title='bbox 598 1290 714 1352; x_wconf 87' lang='lat' dir='ltr'>sit:</span> <span class='ocrx_word' id='word_1_89' title='bbox 775 1289 908 1371; x_wconf 88' lang='lat' dir='ltr'>ipse</span> <span class='ocrx_word' id='word_1_90' title='bbox 973 1290 1142 1352; x_wconf 91' lang='lat' dir='ltr'>enim</span> <span class='ocrx_word' id='word_1_91' title='bbox 1190 1307 1256 1352; x_wconf 88' lang='lat' dir='ltr'>se</span> <span class='ocrx_word' id='word_1_92' title='bbox 1306 1288 1574 1369; x_wconf 87' lang='lat' dir='ltr'>quisque</span> <span class='ocrx_word' id='word_1_93' title='bbox 1623 1287 1858 1369; x_wconf 81' lang='lat' dir='ltr'>diligit,</span> <span class='ocrx_word' id='word_1_94' title='bbox 1918 1305 2046 1350; x_wconf 89' lang='lat' dir='ltr'>non</span> <span class='ocrx_word' id='word_1_95' title='bbox 2104 1287 2179 1349; x_wconf 90' lang='lat' dir='ltr'>ut</span> <span class='ocrx_word' id='word_1_96' title='bbox 2237 1286 2519 1367; x_wconf 86' lang='lat' dir='ltr'>aliquam</span> <span class='ocrx_word' id='word_1_97' title='bbox 2582 1304 2620 1347; x_wconf 88' lang='lat' dir='ltr'>a</span> <span class='ocrx_word' id='word_1_98' title='bbox 2681 1294 2749 1349; x_wconf 84' lang='grc'>89</span> 
     </span>
     <span class='ocr_line' id='line_1_11' title="bbox 288 1392 2747 1478; baseline -0.001 -20"><span class='ocrx_word' id='word_1_99' title='bbox 288 1396 426 1478; x_wconf 86' lang='lat' dir='ltr'>ipse</span> <span class='ocrx_word' id='word_1_100' title='bbox 473 1395 829 1460; x_wconf 78' lang='lat' dir='ltr'>mercedem</span> <span class='ocrx_word' id='word_1_101' title='bbox 869 1396 1078 1477; x_wconf 86' lang='lat' dir='ltr'>exigat</span> <span class='ocrx_word' id='word_1_102' title='bbox 1109 1395 1392 1459; x_wconf 88' lang='lat' dir='ltr'>caritatis</span> <span class='ocrx_word' id='word_1_103' title='bbox 1440 1412 1613 1470; x_wconf 86' lang='lat' dir='ltr'>suae,</span> <span class='ocrx_word' id='word_1_104' title='bbox 1660 1392 1771 1458; x_wconf 87' lang='lat' dir='ltr'>sed</span> <span class='ocrx_word' id='word_1_105' title='bbox 1820 1392 1987 1474; x_wconf 88' lang='lat' dir='ltr'>quod</span> <span class='ocrx_word' id='word_1_106' title='bbox 2033 1412 2145 1475; x_wconf 89' lang='lat' dir='ltr'>per</span> <span class='ocrx_word' id='word_1_107' title='bbox 2194 1411 2259 1456; x_wconf 87' lang='lat' dir='ltr'>se</span> <span class='ocrx_word' id='word_1_108' title='bbox 2309 1392 2431 1456; x_wconf 87' lang='lat' dir='ltr'>sibi</span> <span class='ocrx_word' id='word_1_109' title='bbox 2478 1392 2747 1473; x_wconf 89' lang='lat' dir='ltr'>quisque</span> 
     </span>
     <span class='ocr_line' id='line_1_12' title="bbox 287 1498 2748 1583; baseline -0.001 -19"><span class='ocrx_word' id='word_1_110' title='bbox 287 1520 479 1565; x_wconf 84' lang='lat' dir='ltr'>carus</span> <span class='ocrx_word' id='word_1_111' title='bbox 527 1505 658 1573; x_wconf 82' lang='lat' dir='ltr'>est;</span> <span class='ocrx_word' id='word_1_112' title='bbox 708 1501 874 1583; x_wconf 89' lang='lat' dir='ltr'>quod</span> <span class='ocrx_word' id='word_1_113' title='bbox 921 1502 1046 1565; x_wconf 84' lang='lat' dir='ltr'>nisi</span> <span class='ocrx_word' id='word_1_114' title='bbox 1090 1502 1259 1566; x_wconf 88' lang='lat' dir='ltr'>idem</span> <span class='ocrx_word' id='word_1_115' title='bbox 1305 1501 1370 1563; x_wconf 91' lang='lat' dir='ltr'>in</span> <span class='ocrx_word' id='word_1_116' title='bbox 1404 1500 1749 1564; x_wconf 79' lang='lat' dir='ltr'>amicitiam</span> <span class='ocrx_word' id='word_1_117' title='bbox 1781 1498 2223 1575; x_wconf 76' lang='lat' dir='ltr'>transferetur,</span> <span class='ocrx_word' id='word_1_118' title='bbox 2269 1518 2457 1563; x_wconf 85' lang='lat' dir='ltr'>verus</span> <span class='ocrx_word' id='word_1_119' title='bbox 2505 1498 2748 1562; x_wconf 90' lang='lat' dir='ltr'>amicus</span> 
     </span>
     <span class='ocr_line' id='line_1_13' title="bbox 291 1605 2749 1692; baseline -0.002 -21"><span class='ocrx_word' id='word_1_120' title='bbox 291 1628 648 1690; x_wconf 83' lang='lat' dir='ltr'>numquam</span> <span class='ocrx_word' id='word_1_121' title='bbox 695 1609 1080 1692; x_wconf 87' lang='lat' dir='ltr'>reperietur:</span> <span class='ocrx_word' id='word_1_122' title='bbox 1142 1611 1241 1672; x_wconf 88' lang='lat' dir='ltr'>est</span> <span class='ocrx_word' id='word_1_123' title='bbox 1287 1607 1456 1672; x_wconf 89' lang='lat' dir='ltr'>enim</span> <span class='ocrx_word' id='word_1_124' title='bbox 1510 1608 1593 1683; x_wconf 86' lang='lat' dir='ltr'>is,</span> <span class='ocrx_word' id='word_1_125' title='bbox 1656 1608 1765 1687; x_wconf 92' lang='lat' dir='ltr'>qui</span> <span class='ocrx_word' id='word_1_126' title='bbox 1825 1608 1924 1670; x_wconf 91' lang='lat' dir='ltr'>est</span> <span class='ocrx_word' id='word_1_127' title='bbox 1971 1609 2305 1687; x_wconf 90' lang='lat' dir='ltr'>tamquam</span> <span class='ocrx_word' id='word_1_128' title='bbox 2353 1606 2516 1669; x_wconf 88' lang='lat' dir='ltr'>alter</span> <span class='ocrx_word' id='word_1_129' title='bbox 2561 1605 2749 1669; x_wconf 89' lang='lat' dir='ltr'>idem.</span> 
     </span>
     <span class='ocr_line' id='line_1_14' title="bbox 288 1712 2834 1799; baseline -0.002 -21"><span class='ocrx_word' id='word_1_130' title='bbox 288 1713 536 1793; x_wconf 82' lang='lat' dir='ltr'>Quodsi</span> <span class='ocrx_word' id='word_1_131' title='bbox 581 1716 700 1780; x_wconf 90' lang='lat' dir='ltr'>hoc</span> <span class='ocrx_word' id='word_1_132' title='bbox 747 1718 1011 1799; x_wconf 89' lang='lat' dir='ltr'>apparet</span> <span class='ocrx_word' id='word_1_133' title='bbox 1055 1716 1121 1779; x_wconf 94' lang='lat' dir='ltr'>in</span> <span class='ocrx_word' id='word_1_134' title='bbox 1167 1716 1414 1792; x_wconf 87' lang='lat' dir='ltr'>bestiis,</span> <span class='ocrx_word' id='word_1_135' title='bbox 1468 1715 1829 1778; x_wconf 83' lang='lat' dir='ltr'>volucribus</span> <span class='ocrx_word' id='word_1_136' title='bbox 1874 1714 2175 1776; x_wconf 89' lang='lat' dir='ltr'>nantibus</span> <span class='ocrx_word' id='word_1_137' title='bbox 2224 1713 2609 1795; x_wconf 87' lang='lat' dir='ltr'>agrestibus,</span> <span class='ocrx_word' id='word_1_138' title='bbox 2666 1712 2834 1775; x_wconf 77' lang='lat' dir='ltr'>ci-81</span> 
     </span>
     <span class='ocr_line' id='line_1_15' title="bbox 287 1820 2751 1905; baseline -0.002 -19"><span class='ocrx_word' id='word_1_139' title='bbox 287 1822 552 1886; x_wconf 87' lang='lat' dir='ltr'>curibus</span> <span class='ocrx_word' id='word_1_140' title='bbox 598 1822 776 1897; x_wconf 86' lang='lat' dir='ltr'>feris,</span> <span class='ocrx_word' id='word_1_141' title='bbox 837 1824 1116 1905; x_wconf 88' lang='lat' dir='ltr'>primurn</span> <span class='ocrx_word' id='word_1_142' title='bbox 1175 1826 1250 1885; x_wconf 91' lang='lat' dir='ltr'>ut</span> <span class='ocrx_word' id='word_1_143' title='bbox 1310 1840 1376 1885; x_wconf 88' lang='lat' dir='ltr'>se</span> <span class='ocrx_word' id='word_1_144' title='bbox 1424 1823 1600 1904; x_wconf 89' lang='lat' dir='ltr'>ipsae</span> <span class='ocrx_word' id='word_1_145' title='bbox 1648 1822 1918 1903; x_wconf 88' lang='lat' dir='ltr'>diligant</span> <span class='ocrx_word' id='word_1_146' title='bbox 1963 1820 2051 1902; x_wconf 88' lang='lat' dir='ltr'>(id</span> <span class='ocrx_word' id='word_1_147' title='bbox 2100 1820 2268 1883; x_wconf 91' lang='lat' dir='ltr'>enim</span> <span class='ocrx_word' id='word_1_148' title='bbox 2315 1820 2557 1902; x_wconf 87' lang='lat' dir='ltr'>pariter</span> <span class='ocrx_word' id='word_1_149' title='bbox 2604 1837 2751 1881; x_wconf 91' lang='lat' dir='ltr'>cum</span> 
     </span>
     <span class='ocr_line' id='line_1_16' title="bbox 288 1923 2749 2011; baseline -0.002 -20"><span class='ocrx_word' id='word_1_150' title='bbox 288 1930 471 1992; x_wconf 79' lang='lat' dir='ltr'>omni</span> <span class='ocrx_word' id='word_1_151' title='bbox 517 1930 839 1993; x_wconf 88' lang='lat' dir='ltr'>animante</span> <span class='ocrx_word' id='word_1_152' title='bbox 887 1930 1223 2011; x_wconf 87' lang='lat' dir='ltr'>nascitur),</span> <span class='ocrx_word' id='word_1_153' title='bbox 1271 1929 1496 1993; x_wconf 91' lang='lat' dir='ltr'>deinde</span> <span class='ocrx_word' id='word_1_154' title='bbox 1543 1931 1618 1992; x_wconf 91' lang='lat' dir='ltr'>ut</span> <span class='ocrx_word' id='word_1_155' title='bbox 1664 1929 1994 2009; x_wconf 88' lang='lat' dir='ltr'>requirant</span> <span class='ocrx_word' id='word_1_156' title='bbox 2041 1928 2233 2007; x_wconf 89' lang='lat' dir='ltr'>atque</span> <span class='ocrx_word' id='word_1_157' title='bbox 2283 1926 2614 2008; x_wconf 86' lang='lat' dir='ltr'>appetant,</span> <span class='ocrx_word' id='word_1_158' title='bbox 2671 1923 2749 1988; x_wconf 90' lang='lat' dir='ltr'>ad</span> 
     </span>
     <span class='ocr_line' id='line_1_17' title="bbox 288 2031 2751 2119; baseline -0.002 -21"><span class='ocrx_word' id='word_1_159' title='bbox 288 2053 458 2116; x_wconf 84' lang='lat' dir='ltr'>quas</span> <span class='ocrx_word' id='word_1_160' title='bbox 519 2054 584 2099; x_wconf 90' lang='lat' dir='ltr'>se</span> <span class='ocrx_word' id='word_1_161' title='bbox 633 2037 953 2119; x_wconf 84' lang='lat' dir='ltr'>applicent</span> <span class='ocrx_word' id='word_1_162' title='bbox 999 2036 1282 2101; x_wconf 90' lang='lat' dir='ltr'>eiusdem</span> <span class='ocrx_word' id='word_1_163' title='bbox 1330 2036 1576 2117; x_wconf 86' lang='lat' dir='ltr'>generis</span> <span class='ocrx_word' id='word_1_164' title='bbox 1627 2036 2017 2110; x_wconf 63' lang='lat' dir='ltr'>animantes»,</span> <span class='ocrx_word' id='word_1_165' title='bbox 2074 2032 2266 2113; x_wconf 87' lang='lat' dir='ltr'>idque</span> <span class='ocrx_word' id='word_1_166' title='bbox 2314 2031 2557 2095; x_wconf 87' lang='lat' dir='ltr'>faciunt</span> <span class='ocrx_word' id='word_1_167' title='bbox 2604 2050 2751 2094; x_wconf 90' lang='lat' dir='ltr'>cum</span> 
     </span>
     <span class='ocr_line' id='line_1_18' title="bbox 287 2136 2752 2225; baseline -0.002 -21"><span class='ocrx_word' id='word_1_168' title='bbox 287 2142 604 2206; x_wconf 85' lang='lat' dir='ltr'>desiderio</span> <span class='ocrx_word' id='word_1_169' title='bbox 662 2146 726 2207; x_wconf 86' lang='lat' dir='ltr'>et</span> <span class='ocrx_word' id='word_1_170' title='bbox 774 2164 920 2207; x_wconf 90' lang='lat' dir='ltr'>cum</span> <span class='ocrx_word' id='word_1_171' title='bbox 969 2143 1246 2225; x_wconf 89' lang='lat' dir='ltr'>quadam</span> <span class='ocrx_word' id='word_1_172' title='bbox 1293 2142 1707 2207; x_wconf 89' lang='lat' dir='ltr'>similitudine</span> <span class='ocrx_word' id='word_1_173' title='bbox 1758 2140 1989 2205; x_wconf 86' lang='lat' dir='ltr'>amoris</span> <span class='ocrx_word' id='word_1_174' title='bbox 2038 2140 2335 2203; x_wconf 86' lang='lat' dir='ltr'>humani:</span> <span class='ocrx_word' id='word_1_175' title='bbox 2400 2140 2640 2219; x_wconf 91' lang='lat' dir='ltr'>quanto</span> <span class='ocrx_word' id='word_1_176' title='bbox 2687 2136 2752 2200; x_wconf 91' lang='lat' dir='ltr'>id</span> 
     </span>
     <span class='ocr_line' id='line_1_19' title="bbox 291 2246 2754 2331; baseline -0.001 -20"><span class='ocrx_word' id='word_1_177' title='bbox 291 2250 500 2331; x_wconf 84' lang='lat' dir='ltr'>magis</span> <span class='ocrx_word' id='word_1_178' title='bbox 549 2250 612 2312; x_wconf 92' lang='lat' dir='ltr'>in</span> <span class='ocrx_word' id='word_1_179' title='bbox 660 2250 913 2314; x_wconf 91' lang='lat' dir='ltr'>homine</span> <span class='ocrx_word' id='word_1_180' title='bbox 958 2250 1032 2313; x_wconf 88' lang='lat' dir='ltr'>fit</span> <span class='ocrx_word' id='word_1_181' title='bbox 1077 2254 1341 2325; x_wconf 91' lang='lat' dir='ltr'>natura,</span> <span class='ocrx_word' id='word_1_182' title='bbox 1391 2250 1499 2331; x_wconf 93' lang='lat' dir='ltr'>qui</span> <span class='ocrx_word' id='word_1_183' title='bbox 1546 2251 1610 2314; x_wconf 90' lang='lat' dir='ltr'>et</span> <span class='ocrx_word' id='word_1_184' title='bbox 1658 2268 1724 2313; x_wconf 89' lang='lat' dir='ltr'>se</span> <span class='ocrx_word' id='word_1_185' title='bbox 1772 2250 1905 2330; x_wconf 85' lang='lat' dir='ltr'>ipse</span> <span class='ocrx_word' id='word_1_186' title='bbox 1954 2247 2163 2328; x_wconf 85' lang='lat' dir='ltr'>diligit</span> <span class='ocrx_word' id='word_1_187' title='bbox 2209 2248 2273 2310; x_wconf 90' lang='lat' dir='ltr'>et</span> <span class='ocrx_word' id='word_1_188' title='bbox 2320 2246 2595 2309; x_wconf 86' lang='lat' dir='ltr'>alterum</span> <span class='ocrx_word' id='word_1_189' title='bbox 2644 2263 2754 2308; x_wconf 84' lang='lat' dir='ltr'>an-</span> 
     </span>
    </p>
   </div>
   <div class='ocr_carea' id='block_1_3' title="bbox 299 2367 724 2376">
    <p class='ocr_par' dir='ltr' id='par_1_3' title="bbox 299 2367 724 2376">
     <span class='ocr_line' id='line_1_20' title="bbox 299 2367 724 2376; baseline 0 2449"><span class='ocrx_word' id='word_1_190' title='bbox 299 2367 724 2376; x_wconf 95' lang='lat' dir='ltr'> </span> 
     </span>
    </p>
   </div>
   <div class='ocr_carea' id='block_1_4' title="bbox 285 2426 1476 3471">
    <p class='ocr_par' dir='ltr' id='par_1_4' title="bbox 285 2426 1476 3471">
     <span class='ocr_line' id='line_1_21' title="bbox 372 2426 1470 2495; baseline 0.002 -19"><span class='ocrx_word' id='word_1_191' title='bbox 372 2437 453 2478; x_wconf 61' lang='lat' dir='ltr'>ve.</span> <span class='ocrx_word' id='word_1_192' title='bbox 490 2431 538 2478; x_wconf 79' lang='lat' dir='ltr'>et</span> <span class='ocrx_word' id='word_1_193' title='bbox 565 2426 803 2495; x_wconf 78' lang='lat' dir='ltr'>quidem]</span> <span class='ocrx_word' id='word_1_194' title='bbox 843 2426 1091 2495; x_wconf 68' lang='lat' dir='ltr'>bestatigt</span> <span class='ocrx_word' id='word_1_195' title='bbox 1117 2427 1224 2480; x_wconf 90' lang='lat' dir='ltr'>den</span> <span class='ocrx_word' id='word_1_196' title='bbox 1249 2427 1470 2480; x_wconf 83' lang='lat' dir='ltr'>vorher-</span> 
     </span>
     <span class='ocr_line' id='line_1_22' title="bbox 286 2513 1469 2584; baseline 0 -18"><span class='ocrx_word' id='word_1_197' title='bbox 286 2513 576 2581; x_wconf 82' lang='lat' dir='ltr'>gehenden</span> <span class='ocrx_word' id='word_1_198' title='bbox 612 2516 842 2581; x_wconf 80' lang='lat' dir='ltr'>Ausruf,</span> <span class='ocrx_word' id='word_1_199' title='bbox 879 2515 1033 2567; x_wconf 82' lang='lat' dir='ltr'>fiihrt</span> <span class='ocrx_word' id='word_1_200' title='bbox 1068 2515 1196 2568; x_wconf 88' lang='lat' dir='ltr'>aber</span> <span class='ocrx_word' id='word_1_201' title='bbox 1231 2515 1469 2584; x_wconf 86' lang='lat' dir='ltr'>zugleich</span> 
     </span>
     <span class='ocr_line' id='line_1_23' title="bbox 291 2602 1468 2672; baseline 0.002 -18"><span class='ocrx_word' id='word_1_202' title='bbox 291 2602 352 2654; x_wconf 78' lang='lat' dir='ltr'>in</span> <span class='ocrx_word' id='word_1_203' title='bbox 381 2603 540 2655; x_wconf 86' lang='lat' dir='ltr'>Form</span> <span class='ocrx_word' id='word_1_204' title='bbox 578 2603 728 2656; x_wconf 88' lang='lat' dir='ltr'>einer</span> <span class='ocrx_word' id='word_1_205' title='bbox 754 2604 1124 2672; x_wconf 81' lang='lat' dir='ltr'>Erweiterung</span> <span class='ocrx_word' id='word_1_206' title='bbox 1160 2604 1314 2657; x_wconf 86' lang='lat' dir='ltr'>einen</span> <span class='ocrx_word' id='word_1_207' title='bbox 1346 2604 1468 2672; x_wconf 81' lang='lat' dir='ltr'>GgS.</span> 
     </span>
     <span class='ocr_line' id='line_1_24' title="bbox 293 2691 1470 2762; baseline 0.002 -18"><span class='ocrx_word' id='word_1_208' title='bbox 293 2691 412 2745; x_wconf 88' lang='lat' dir='ltr'>ein:</span> <span class='ocrx_word' id='word_1_209' title='bbox 453 2692 705 2760; x_wconf 70' lang='lat' dir='ltr'>„gewiIS,</span> <span class='ocrx_word' id='word_1_210' title='bbox 745 2693 930 2746; x_wconf 82' lang='lat' dir='ltr'>aber“.</span> <span class='ocrx_word' id='word_1_211' title='bbox 969 2725 1037 2732; x_wconf 95' lang='lat'><strong>—</strong></span> <span class='ocrx_word' id='word_1_212' title='bbox 1089 2694 1280 2747; x_wconf 72' lang='lat' dir='ltr'>munia</span> <span class='ocrx_word' id='word_1_213' title='bbox 1308 2711 1470 2762; x_wconf 80' lang='lat' dir='ltr'>prae-</span> 
     </span>
     <span class='ocr_line' id='line_1_25' title="bbox 285 2781 1475 2851; baseline 0.001 -18"><span class='ocrx_word' id='word_1_214' title='bbox 285 2781 452 2834; x_wconf 72' lang='lat' dir='ltr'>clara</span> <span class='ocrx_word' id='word_1_215' title='bbox 503 2783 661 2850; x_wconf 82' lang='lat' dir='ltr'>rara]</span> <span class='ocrx_word' id='word_1_216' title='bbox 728 2782 840 2835; x_wconf 92' lang='lat' dir='ltr'>Der</span> <span class='ocrx_word' id='word_1_217' title='bbox 892 2782 1098 2850; x_wconf 87' lang='lat' dir='ltr'>gleiche</span> <span class='ocrx_word' id='word_1_218' title='bbox 1150 2781 1325 2851; x_wconf 87' lang='lat' dir='ltr'>Klang</span> <span class='ocrx_word' id='word_1_219' title='bbox 1378 2783 1475 2836; x_wconf 91' lang='lat' dir='ltr'>der</span> 
     </span>
     <span class='ocr_line' id='line_1_26' title="bbox 292 2869 1472 2940; baseline 0.002 -17"><span class='ocrx_word' id='word_1_220' title='bbox 292 2869 588 2923; x_wconf 78' lang='lat' dir='ltr'>Endsilben</span> <span class='ocrx_word' id='word_1_221' title='bbox 643 2873 944 2940; x_wconf 80' lang='grc' dir='ltr'>(ὁμοιοτέλε</span> <span class='ocrx_word' id='word_1_222' title='bbox 953 2873 1100 2940; x_wconf 79' lang='grc' dir='ltr'>υτον)</span> <span class='ocrx_word' id='word_1_223' title='bbox 1163 2872 1325 2926; x_wconf 82' lang='lat' dir='ltr'>sowie</span> <span class='ocrx_word' id='word_1_224' title='bbox 1386 2872 1472 2925; x_wconf 87' lang='lat' dir='ltr'>die</span> 
     </span>
     <span class='ocr_line' id='line_1_27' title="bbox 293 2958 1472 3028; baseline 0.002 -18"><span class='ocrx_word' id='word_1_225' title='bbox 293 2958 629 3027; x_wconf 79' lang='lat' dir='ltr'>Auslassung</span> <span class='ocrx_word' id='word_1_226' title='bbox 672 2960 768 3012; x_wconf 89' lang='lat' dir='ltr'>der</span> <span class='ocrx_word' id='word_1_227' title='bbox 802 2959 1013 3028; x_wconf 85' lang='lat' dir='ltr'>Kopula</span> <span class='ocrx_word' id='word_1_228' title='bbox 1059 2960 1187 3013; x_wconf 85' lang='lat' dir='ltr'>hebt</span> <span class='ocrx_word' id='word_1_229' title='bbox 1234 2960 1320 3013; x_wconf 86' lang='lat' dir='ltr'>die</span> <span class='ocrx_word' id='word_1_230' title='bbox 1369 2959 1472 3012; x_wconf 90' lang='lat' dir='ltr'>Be-</span> 
     </span>
     <span class='ocr_line' id='line_1_28' title="bbox 287 3047 1476 3118; baseline 0.002 -19"><span class='ocrx_word' id='word_1_231' title='bbox 287 3047 460 3115; x_wconf 79' lang='lat' dir='ltr'>griffe</span> <span class='ocrx_word' id='word_1_232' title='bbox 497 3048 554 3099; x_wconf 90' lang='lat' dir='ltr'>in</span> <span class='ocrx_word' id='word_1_233' title='bbox 591 3047 738 3101; x_wconf 88' lang='lat' dir='ltr'>ihrer</span> <span class='ocrx_word' id='word_1_234' title='bbox 769 3049 1077 3118; x_wconf 87' lang='lat' dir='ltr'>Beziehung</span> <span class='ocrx_word' id='word_1_235' title='bbox 1113 3067 1180 3103; x_wconf 90' lang='lat' dir='ltr'>zu</span> <span class='ocrx_word' id='word_1_236' title='bbox 1218 3049 1476 3102; x_wconf 87' lang='lat' dir='ltr'>einander</span> 
     </span>
     <span class='ocr_line' id='line_1_29' title="bbox 295 3135 1472 3205; baseline 0 -17"><span class='ocrx_word' id='word_1_237' title='bbox 295 3135 496 3188; x_wconf 87' lang='lat' dir='ltr'>hervor</span> <span class='ocrx_word' id='word_1_238' title='bbox 540 3153 591 3188; x_wconf 90' lang='lat' dir='ltr'>u.</span> <span class='ocrx_word' id='word_1_239' title='bbox 629 3136 774 3204; x_wconf 85' lang='lat' dir='ltr'>giebt</span> <span class='ocrx_word' id='word_1_240' title='bbox 808 3138 930 3190; x_wconf 89' lang='lat' dir='ltr'>dem</span> <span class='ocrx_word' id='word_1_241' title='bbox 966 3136 1276 3205; x_wconf 85' lang='lat' dir='ltr'>Ausspruch</span> <span class='ocrx_word' id='word_1_242' title='bbox 1316 3137 1472 3190; x_wconf 88' lang='lat' dir='ltr'>einen</span> 
     </span>
     <span class='ocr_line' id='line_1_30' title="bbox 285 3223 1473 3295; baseline 0.003 -18"><span class='ocrx_word' id='word_1_243' title='bbox 285 3223 647 3292; x_wconf 75' lang='lat' dir='ltr'>sprichwiirtl.</span> <span class='ocrx_word' id='word_1_244' title='bbox 699 3224 1003 3279; x_wconf 84' lang='lat' dir='ltr'>Charakter.</span> <span class='ocrx_word' id='word_1_245' title='bbox 1055 3257 1122 3265; x_wconf 93' lang='lat'>-—</span> <span class='ocrx_word' id='word_1_246' title='bbox 1171 3227 1264 3280; x_wconf 75' lang='lat' dir='ltr'>sed</span> <span class='ocrx_word' id='word_1_247' title='bbox 1301 3226 1473 3295; x_wconf 73' lang='lat' dir='ltr'>pleri-</span> 
     </span>
     <span class='ocr_line' id='line_1_31' title="bbox 289 3313 1474 3382; baseline 0 -14"><span class='ocrx_word' id='word_1_248' title='bbox 289 3314 416 3382; x_wconf 76' lang='lat' dir='ltr'>que]</span> <span class='ocrx_word' id='word_1_249' title='bbox 455 3314 576 3367; x_wconf 87' lang='lat' dir='ltr'>Von</span> <span class='ocrx_word' id='word_1_250' title='bbox 614 3313 733 3366; x_wconf 90' lang='lat' dir='ltr'>hier</span> <span class='ocrx_word' id='word_1_251' title='bbox 768 3315 833 3368; x_wconf 91' lang='lat' dir='ltr'>ab</span> <span class='ocrx_word' id='word_1_252' title='bbox 870 3314 950 3368; x_wconf 90' lang='lat' dir='ltr'>bis</span> <span class='ocrx_word' id='word_1_253' title='bbox 980 3331 1101 3368; x_wconf 89' lang='lat' dir='ltr'>zum</span> <span class='ocrx_word' id='word_1_254' title='bbox 1129 3315 1342 3368; x_wconf 77' lang='lat' dir='ltr'>Schlul&#39;s</span> <span class='ocrx_word' id='word_1_255' title='bbox 1379 3315 1474 3368; x_wconf 87' lang='lat' dir='ltr'>des</span> 
     </span>
     <span class='ocr_line' id='line_1_32' title="bbox 295 3402 1474 3471; baseline -0.001 -15"><span class='ocrx_word' id='word_1_256' title='bbox 295 3402 540 3471; x_wconf 83' lang='lat' dir='ltr'>Kapitels</span> <span class='ocrx_word' id='word_1_257' title='bbox 595 3402 726 3456; x_wconf 85' lang='lat' dir='ltr'>wird</span> <span class='ocrx_word' id='word_1_258' title='bbox 782 3403 1068 3457; x_wconf 86' lang='lat' dir='ltr'>wiederum</span> <span class='ocrx_word' id='word_1_259' title='bbox 1084 3444 1096 3468; x_wconf 88' lang='lat'>,</span> <span class='ocrx_word' id='word_1_260' title='bbox 1153 3403 1252 3457; x_wconf 88' lang='lat' dir='ltr'>wie</span> <span class='ocrx_word' id='word_1_261' title='bbox 1308 3403 1474 3456; x_wconf 88' lang='lat' dir='ltr'>schon</span> 
     </span>
    </p>
   </div>
   <div class='ocr_carea' id='block_1_5' title="bbox 289 3491 1669 3561">
    <p class='ocr_par' dir='ltr' id='par_1_5' title="bbox 289 3491 1669 3561">
     <span class='ocr_line' id='line_1_33' title="bbox 289 3491 1669 3561; baseline -0.001 -16"><span class='ocrx_word' id='word_1_262' title='bbox 289 3491 434 3545; x_wconf 80' lang='lat' dir='ltr'>oben</span> <span class='ocrx_word' id='word_1_263' title='bbox 473 3492 606 3561; x_wconf 85' lang='lat' dir='ltr'>Kap.</span> <span class='ocrx_word' id='word_1_264' title='bbox 648 3495 715 3548; x_wconf 89' lang='lat'>13</span> <span class='ocrx_word' id='word_1_265' title='bbox 753 3509 804 3545; x_wconf 86' lang='lat' dir='ltr'>u.</span> <span class='ocrx_word' id='word_1_266' title='bbox 846 3494 930 3559; x_wconf 90' lang='lat'>14,</span> <span class='ocrx_word' id='word_1_267' title='bbox 967 3493 1064 3545; x_wconf 89' lang='lat' dir='ltr'>der</span> <span class='ocrx_word' id='word_1_268' title='bbox 1085 3492 1380 3561; x_wconf 87' lang='lat' dir='ltr'>Eigennutz</span> <span class='ocrx_word' id='word_1_269' title='bbox 1418 3492 1475 3545; x_wconf 92' lang='lat' dir='ltr'>in</span> <span class='ocrx_word' id='word_1_270' title='bbox 1585 3533 1597 3544; x_wconf 91' lang='lat'><strong>.</strong></span> <span class='ocrx_word' id='word_1_271' title='bbox 1622 3533 1669 3544; x_wconf 90' lang='lat'>..</span> 
     </span>
    </p>
   </div>
   <div class='ocr_carea' id='block_1_6' title="bbox 289 3580 1476 3902">
    <p class='ocr_par' dir='ltr' id='par_1_6' title="bbox 289 3580 1475 3739">
     <span class='ocr_line' id='line_1_34' title="bbox 289 3580 1475 3650; baseline 0.003 -18"><span class='ocrx_word' id='word_1_272' title='bbox 289 3581 396 3634; x_wconf 81' lang='lat' dir='ltr'>der</span> <span class='ocrx_word' id='word_1_273' title='bbox 431 3580 824 3634; x_wconf 80' lang='lat' dir='ltr'>Freundschaft</span> <span class='ocrx_word' id='word_1_274' title='bbox 860 3581 1144 3650; x_wconf 72' lang='lat' dir='ltr'>bekampft.</span> <span class='ocrx_word' id='word_1_275' title='bbox 1193 3613 1260 3620; x_wconf 93' lang='lat'><strong>—</strong></span> <span class='ocrx_word' id='word_1_276' title='bbox 1307 3599 1475 3650; x_wconf 76' lang='lat' dir='ltr'>neque</span> 
     </span>
     <span class='ocr_line' id='line_1_35' title="bbox 291 3669 1472 3739; baseline 0.001 -18"><span class='ocrx_word' id='word_1_277' title='bbox 291 3709 312 3720; x_wconf 77' lang='lat'>-</span> <span class='ocrx_word' id='word_1_278' title='bbox 336 3709 347 3721; x_wconf 92' lang='lat'><strong>.</strong></span> <span class='ocrx_word' id='word_1_279' title='bbox 372 3710 383 3721; x_wconf 91' lang='lat'><strong>.</strong></span> <span class='ocrx_word' id='word_1_280' title='bbox 421 3671 490 3738; x_wconf 74' lang='lat' dir='ltr'>et]</span> <span class='ocrx_word' id='word_1_281' title='bbox 530 3669 666 3737; x_wconf 82' lang='lat' dir='ltr'>„wie</span> <span class='ocrx_word' id='word_1_282' title='bbox 703 3670 1005 3739; x_wconf 85' lang='lat' dir='ltr'>iiberhaupt</span> <span class='ocrx_word' id='word_1_283' title='bbox 1040 3669 1191 3724; x_wconf 87' lang='lat' dir='ltr'>nicht</span> <span class='ocrx_word' id='word_1_284' title='bbox 1229 3712 1240 3723; x_wconf 91' lang='lat'><strong>.</strong></span> <span class='ocrx_word' id='word_1_285' title='bbox 1266 3711 1276 3722; x_wconf 92' lang='lat'>.</span> <span class='ocrx_word' id='word_1_286' title='bbox 1302 3711 1313 3722; x_wconf 89' lang='lat'><strong>.</strong></span> <span class='ocrx_word' id='word_1_287' title='bbox 1353 3687 1411 3723; x_wconf 87' lang='lat' dir='ltr'>so</span> <span class='ocrx_word' id='word_1_288' title='bbox 1424 3675 1472 3722; x_wconf 75' lang='grc'>“.</span> 
     </span>
    </p>

    <p class='ocr_par' dir='ltr' id='par_1_7' title="bbox 292 3759 1476 3902">
     <span class='ocr_line' id='line_1_36' title="bbox 374 3759 1476 3829; baseline -0.003 -14"><span class='ocrx_word' id='word_1_289' title='bbox 374 3770 457 3815; x_wconf 84' lang='lat'>80.</span> <span class='ocrx_word' id='word_1_290' title='bbox 501 3776 604 3827; x_wconf 82' lang='lat' dir='ltr'>per</span> <span class='ocrx_word' id='word_1_291' title='bbox 650 3776 706 3812; x_wconf 78' lang='grc'>89</span> <span class='ocrx_word' id='word_1_292' title='bbox 741 3765 790 3812; x_wconf 79' lang='lat' dir='ltr'>et</span> <span class='ocrx_word' id='word_1_293' title='bbox 819 3765 1039 3828; x_wconf 80' lang='lat' dir='ltr'>propter</span> <span class='ocrx_word' id='word_1_294' title='bbox 1072 3761 1146 3829; x_wconf 79' lang='lat' dir='ltr'>se]</span> <span class='ocrx_word' id='word_1_295' title='bbox 1201 3801 1232 3828; x_wconf 90' lang='lat'><strong>„</strong></span> <span class='ocrx_word' id='word_1_296' title='bbox 1245 3777 1313 3813; x_wconf 86' lang='lat' dir='ltr'>an</span> <span class='ocrx_word' id='word_1_297' title='bbox 1362 3759 1476 3813; x_wconf 89' lang='lat' dir='ltr'>sich</span> 
     </span>
     <span class='ocr_line' id='line_1_37' title="bbox 292 3847 1474 3902; baseline 0.002 -2"><span class='ocrx_word' id='word_1_298' title='bbox 292 3848 410 3900; x_wconf 76' lang='lat' dir='ltr'>und</span> <span class='ocrx_word' id='word_1_299' title='bbox 459 3864 551 3900; x_wconf 90' lang='lat' dir='ltr'>um</span> <span class='ocrx_word' id='word_1_300' title='bbox 589 3847 736 3900; x_wconf 87' lang='lat' dir='ltr'>ihrer</span> <span class='ocrx_word' id='word_1_301' title='bbox 771 3848 938 3902; x_wconf 86' lang='lat' dir='ltr'>selbst</span> <span class='ocrx_word' id='word_1_302' title='bbox 972 3848 1210 3902; x_wconf 81' lang='lat' dir='ltr'>willen“.</span> <span class='ocrx_word' id='word_1_303' title='bbox 1262 3881 1330 3888; x_wconf 89' lang='lat'>—</span> <span class='ocrx_word' id='word_1_304' title='bbox 1379 3867 1474 3902; x_wconf 77' lang='lat' dir='ltr'>nec</span> 
     </span>
    </p>
   </div>
   <div class='ocr_carea' id='block_1_7' title="bbox 289 3936 1479 4349">
    <p class='ocr_par' dir='ltr' id='par_1_8' title="bbox 289 3936 1479 4349">
     <span class='ocr_line' id='line_1_38' title="bbox 295 3936 1475 4006; baseline 0.003 -18"><span class='ocrx_word' id='word_1_305' title='bbox 295 3936 416 4005; x_wconf 73' lang='lat' dir='ltr'>ipei</span> <span class='ocrx_word' id='word_1_306' title='bbox 449 3936 565 3989; x_wconf 77' lang='lat' dir='ltr'>sibi</span> <span class='ocrx_word' id='word_1_307' title='bbox 597 3938 830 4006; x_wconf 68' lang='lat' dir='ltr'>exemplo</span> <span class='ocrx_word' id='word_1_308' title='bbox 865 3939 1013 4006; x_wconf 74' lang='lat' dir='ltr'>sunt]</span> <span class='ocrx_word' id='word_1_309' title='bbox 1052 3939 1101 3990; x_wconf 88' lang='lat' dir='ltr'>d.</span> <span class='ocrx_word' id='word_1_310' title='bbox 1131 3937 1182 3990; x_wconf 89' lang='lat' dir='ltr'>h.</span> <span class='ocrx_word' id='word_1_311' title='bbox 1214 3954 1368 3991; x_wconf 85' lang='lat' dir='ltr'>wenn</span> <span class='ocrx_word' id='word_1_312' title='bbox 1398 3938 1475 3991; x_wconf 86' lang='lat' dir='ltr'>sie</span> 
     </span>
     <span class='ocr_line' id='line_1_39' title="bbox 292 4025 1476 4095; baseline 0.001 -17"><span class='ocrx_word' id='word_1_313' title='bbox 292 4025 483 4091; x_wconf 79' lang='lat' dir='ltr'>sehen,</span> <span class='ocrx_word' id='word_1_314' title='bbox 523 4025 624 4079; x_wconf 84' lang='lat' dir='ltr'>wie</span> <span class='ocrx_word' id='word_1_315' title='bbox 652 4025 730 4079; x_wconf 90' lang='lat' dir='ltr'>sie</span> <span class='ocrx_word' id='word_1_316' title='bbox 757 4025 846 4079; x_wconf 92' lang='lat' dir='ltr'>ihr</span> <span class='ocrx_word' id='word_1_317' title='bbox 872 4027 1140 4095; x_wconf 86' lang='lat' dir='ltr'>eigenes</span> <span class='ocrx_word' id='word_1_318' title='bbox 1176 4027 1290 4080; x_wconf 88' lang='lat' dir='ltr'>Ich</span> <span class='ocrx_word' id='word_1_319' title='bbox 1325 4027 1476 4080; x_wconf 85' lang='lat' dir='ltr'>nicht</span> 
     </span>
     <span class='ocr_line' id='line_1_40' title="bbox 295 4115 1475 4182; baseline 0.003 -16"><span class='ocrx_word' id='word_1_320' title='bbox 295 4130 394 4167; x_wconf 78' lang='lat' dir='ltr'>um</span> <span class='ocrx_word' id='word_1_321' title='bbox 431 4115 770 4182; x_wconf 86' lang='lat' dir='ltr'>irgendeines</span> <span class='ocrx_word' id='word_1_322' title='bbox 803 4115 1078 4182; x_wconf 80' lang='lat' dir='ltr'>VorteileS,</span> <span class='ocrx_word' id='word_1_323' title='bbox 1118 4117 1348 4170; x_wconf 86' lang='lat' dir='ltr'>sondern</span> <span class='ocrx_word' id='word_1_324' title='bbox 1384 4132 1475 4170; x_wconf 90' lang='lat' dir='ltr'>um</span> 
     </span>
     <span class='ocr_line' id='line_1_41' title="bbox 297 4201 1476 4270; baseline 0.002 -15"><span class='ocrx_word' id='word_1_325' title='bbox 297 4201 447 4257; x_wconf 89' lang='lat' dir='ltr'>ihrer</span> <span class='ocrx_word' id='word_1_326' title='bbox 495 4203 661 4258; x_wconf 83' lang='lat' dir='ltr'>selbst</span> <span class='ocrx_word' id='word_1_327' title='bbox 698 4203 878 4257; x_wconf 88' lang='lat' dir='ltr'>willen</span> <span class='ocrx_word' id='word_1_328' title='bbox 926 4204 1126 4270; x_wconf 90' lang='lat' dir='ltr'>lieben,</span> <span class='ocrx_word' id='word_1_329' title='bbox 1179 4221 1237 4260; x_wconf 89' lang='grc' dir='ltr'>8ο</span> <span class='ocrx_word' id='word_1_330' title='bbox 1286 4205 1476 4258; x_wconf 85' lang='lat' dir='ltr'>sollten</span> 
     </span>
     <span class='ocr_line' id='line_1_42' title="bbox 289 4293 1479 4349; baseline -0.002 -2"><span class='ocrx_word' id='word_1_331' title='bbox 289 4293 378 4347; x_wconf 74' lang='lat' dir='ltr'>sie</span> <span class='ocrx_word' id='word_1_332' title='bbox 408 4294 558 4348; x_wconf 85' lang='lat' dir='ltr'>diese</span> <span class='ocrx_word' id='word_1_333' title='bbox 587 4293 732 4347; x_wconf 87' lang='lat' dir='ltr'>selbe</span> <span class='ocrx_word' id='word_1_334' title='bbox 761 4296 861 4347; x_wconf 86' lang='lat' dir='ltr'>Art</span> <span class='ocrx_word' id='word_1_335' title='bbox 887 4295 982 4347; x_wconf 89' lang='lat' dir='ltr'>der</span> <span class='ocrx_word' id='word_1_336' title='bbox 1007 4294 1172 4348; x_wconf 89' lang='lat' dir='ltr'>Liebe</span> <span class='ocrx_word' id='word_1_337' title='bbox 1211 4295 1346 4349; x_wconf 85' lang='lat' dir='ltr'>auch</span> <span class='ocrx_word' id='word_1_338' title='bbox 1385 4295 1479 4348; x_wconf 86' lang='lat' dir='ltr'>auf</span> 
     </span>
    </p>
   </div>
   <div class='ocr_carea' id='block_1_8' title="bbox 1577 2421 2765 4364">
    <p class='ocr_par' dir='ltr' id='par_1_9' title="bbox 1577 2421 2756 3100">
     <span class='ocr_line' id='line_1_43' title="bbox 1577 2421 2753 2490; baseline -0.003 -13"><span class='ocrx_word' id='word_1_339' title='bbox 1577 2425 1665 2477; x_wconf 90' lang='lat' dir='ltr'>ihr</span> <span class='ocrx_word' id='word_1_340' title='bbox 1701 2423 1985 2477; x_wconf 86' lang='lat' dir='ltr'>zweites</span> <span class='ocrx_word' id='word_1_341' title='bbox 2031 2422 2152 2476; x_wconf 86' lang='lat' dir='ltr'>Ich</span> <span class='ocrx_word' id='word_1_342' title='bbox 2190 2423 2510 2490; x_wconf 78' lang='lat' dir='ltr'>iibertragen</span> <span class='ocrx_word' id='word_1_343' title='bbox 2549 2421 2658 2474; x_wconf 92' lang='lat' dir='ltr'>und</span> <span class='ocrx_word' id='word_1_344' title='bbox 2695 2437 2753 2474; x_wconf 91' lang='grc' dir='ltr'>8ο</span> 
     </span>
     <span class='ocr_line' id='line_1_44' title="bbox 1579 2510 2753 2581; baseline -0.005 -15"><span class='ocrx_word' id='word_1_345' title='bbox 1579 2554 1611 2581; x_wconf 86' lang='lat'><strong>„</strong></span> <span class='ocrx_word' id='word_1_346' title='bbox 1625 2531 1693 2566; x_wconf 88' lang='lat' dir='ltr'>an</span> <span class='ocrx_word' id='word_1_347' title='bbox 1730 2513 1843 2566; x_wconf 84' lang='lat' dir='ltr'>sich</span> <span class='ocrx_word' id='word_1_348' title='bbox 1881 2512 2048 2566; x_wconf 82' lang='lat' dir='ltr'>selbst</span> <span class='ocrx_word' id='word_1_349' title='bbox 2084 2511 2387 2580; x_wconf 80' lang='lat' dir='ltr'>begreisen,</span> <span class='ocrx_word' id='word_1_350' title='bbox 2436 2510 2537 2563; x_wconf 85' lang='lat' dir='ltr'>wie</span> <span class='ocrx_word' id='word_1_351' title='bbox 2587 2510 2753 2563; x_wconf 79' lang='lat' dir='ltr'>sch6n</span> 
     </span>
     <span class='ocr_line' id='line_1_45' title="bbox 1579 2597 2753 2670; baseline -0.004 -16"><span class='ocrx_word' id='word_1_352' title='bbox 1579 2602 1690 2655; x_wconf 87' lang='lat' dir='ltr'>und</span> <span class='ocrx_word' id='word_1_353' title='bbox 1740 2602 1884 2670; x_wconf 82' lang='lat' dir='ltr'>gross</span> <span class='ocrx_word' id='word_1_354' title='bbox 1934 2601 2079 2655; x_wconf 89' lang='lat' dir='ltr'>diese</span> <span class='ocrx_word' id='word_1_355' title='bbox 2130 2601 2269 2670; x_wconf 89' lang='lat' dir='ltr'>(jede</span> <span class='ocrx_word' id='word_1_356' title='bbox 2319 2599 2528 2653; x_wconf 79' lang='lat' dir='ltr'>fremde</span> <span class='ocrx_word' id='word_1_357' title='bbox 2578 2597 2753 2651; x_wconf 85' lang='lat' dir='ltr'>Riick-</span> 
     </span>
     <span class='ocr_line' id='line_1_46' title="bbox 1580 2688 2755 2759; baseline -0.004 -15"><span class='ocrx_word' id='word_1_358' title='bbox 1580 2691 1734 2757; x_wconf 82' lang='lat' dir='ltr'>sicht,</span> <span class='ocrx_word' id='word_1_359' title='bbox 1770 2691 1931 2759; x_wconf 79' lang='lat' dir='ltr'>J&#39;eden</span> <span class='ocrx_word' id='word_1_360' title='bbox 1958 2689 2204 2743; x_wconf 77' lang='lat' dir='ltr'>fremden</span> <span class='ocrx_word' id='word_1_361' title='bbox 2230 2688 2597 2756; x_wconf 84' lang='lat' dir='ltr'>Beweggrund</span> <span class='ocrx_word' id='word_1_362' title='bbox 2633 2703 2755 2740; x_wconf 84' lang='lat' dir='ltr'>aus-</span> 
     </span>
     <span class='ocr_line' id='line_1_47' title="bbox 1580 2776 2755 2846; baseline -0.005 -12"><span class='ocrx_word' id='word_1_363' title='bbox 1580 2779 1957 2846; x_wconf 83' lang='lat' dir='ltr'>schliessende)</span> <span class='ocrx_word' id='word_1_364' title='bbox 2007 2779 2322 2846; x_wconf 83' lang='lat' dir='ltr'>Bedeutung</span> <span class='ocrx_word' id='word_1_365' title='bbox 2370 2778 2467 2830; x_wconf 85' lang='lat' dir='ltr'>der</span> <span class='ocrx_word' id='word_1_366' title='bbox 2514 2776 2755 2829; x_wconf 87' lang='lat' dir='ltr'>Freund-</span> 
     </span>
     <span class='ocr_line' id='line_1_48' title="bbox 1581 2867 2754 2934; baseline -0.004 -12"><span class='ocrx_word' id='word_1_367' title='bbox 1581 2869 1757 2922; x_wconf 79' lang='lat' dir='ltr'>schaft</span> <span class='ocrx_word' id='word_1_368' title='bbox 1793 2868 1864 2922; x_wconf 86' lang='lat' dir='ltr'>ist</span> <span class='ocrx_word' id='word_1_369' title='bbox 1877 2871 1925 2920; x_wconf 83' lang='lat'>“.</span> <span class='ocrx_word' id='word_1_370' title='bbox 1977 2899 2045 2906; x_wconf 90' lang='lat'>—</span> <span class='ocrx_word' id='word_1_371' title='bbox 2094 2868 2231 2920; x_wconf 79' lang='lat' dir='ltr'>alter</span> <span class='ocrx_word' id='word_1_372' title='bbox 2266 2867 2430 2934; x_wconf 78' lang='lat' dir='ltr'>idem]</span> <span class='ocrx_word' id='word_1_373' title='bbox 2469 2867 2606 2919; x_wconf 78' lang='lat' dir='ltr'>alter</span> <span class='ocrx_word' id='word_1_374' title='bbox 2641 2883 2667 2918; x_wconf 83' lang='lat' dir='ltr'>e</span> <span class='ocrx_word' id='word_1_375' title='bbox 2675 2883 2754 2933; x_wconf 79' lang='lat'>90</span> 
     </span>
     <span class='ocr_line' id='line_1_49' title="bbox 1581 2955 2756 3023; baseline -0.003 -14"><span class='ocrx_word' id='word_1_376' title='bbox 1581 2957 1727 3010; x_wconf 76' lang='lat' dir='ltr'>steht</span> <span class='ocrx_word' id='word_1_377' title='bbox 1762 2974 1866 3009; x_wconf 87' lang='lat' dir='ltr'>nur</span> <span class='ocrx_word' id='word_1_378' title='bbox 1902 2957 1955 3008; x_wconf 89' lang='lat' dir='ltr'>in</span> <span class='ocrx_word' id='word_1_379' title='bbox 1995 2955 2304 3023; x_wconf 86' lang='lat' dir='ltr'>Beziehung</span> <span class='ocrx_word' id='word_1_380' title='bbox 2348 2955 2443 3008; x_wconf 79' lang='lat' dir='ltr'>auf</span> <span class='ocrx_word' id='word_1_381' title='bbox 2490 2955 2575 3007; x_wconf 90' lang='lat' dir='ltr'>die</span> <span class='ocrx_word' id='word_1_382' title='bbox 2614 2956 2756 3008; x_wconf 82' lang='lat' dir='ltr'>erste</span> 
     </span>
     <span class='ocr_line' id='line_1_50' title="bbox 1580 3046 1800 3100; baseline -0.014 0"><span class='ocrx_word' id='word_1_383' title='bbox 1580 3046 1800 3100; x_wconf 87' lang='lat' dir='ltr'>Person.</span> 
     </span>
    </p>

    <p class='ocr_par' dir='ltr' id='par_1_10' title="bbox 1581 3131 2765 4364">
     <span class='ocr_line' id='line_1_51' title="bbox 1657 3131 2755 3201; baseline -0.005 -12"><span class='ocrx_word' id='word_1_384' title='bbox 1657 3146 1741 3191; x_wconf 83' lang='grc'>81.</span> <span class='ocrx_word' id='word_1_385' title='bbox 1768 3134 2075 3188; x_wconf 74' lang='lat' dir='ltr'>volucribus</span> <span class='ocrx_word' id='word_1_386' title='bbox 2205 3131 2362 3201; x_wconf 78' lang='lat' dir='ltr'>feris]</span> <span class='ocrx_word' id='word_1_387' title='bbox 2390 3132 2514 3187; x_wconf 87' lang='lat' dir='ltr'>Man</span> <span class='ocrx_word' id='word_1_388' title='bbox 2534 3131 2755 3185; x_wconf 82' lang='lat' dir='ltr'>beachte</span> 
     </span>
     <span class='ocr_line' id='line_1_52' title="bbox 1581 3219 2755 3290; baseline -0.004 -13"><span class='ocrx_word' id='word_1_389' title='bbox 1581 3223 1667 3277; x_wconf 89' lang='lat' dir='ltr'>die</span> <span class='ocrx_word' id='word_1_390' title='bbox 1717 3224 1887 3277; x_wconf 82' lang='lat' dir='ltr'>durch</span> <span class='ocrx_word' id='word_1_391' title='bbox 1935 3223 2021 3276; x_wconf 85' lang='lat' dir='ltr'>die</span> <span class='ocrx_word' id='word_1_392' title='bbox 2057 3221 2463 3290; x_wconf 85' lang='lat' dir='ltr'>Interpunktion</span> <span class='ocrx_word' id='word_1_393' title='bbox 2510 3219 2755 3274; x_wconf 85' lang='lat' dir='ltr'>bezeich-</span> 
     </span>
     <span class='ocr_line' id='line_1_53' title="bbox 1583 3310 2754 3380; baseline -0.004 -14"><span class='ocrx_word' id='word_1_394' title='bbox 1583 3316 1708 3367; x_wconf 85' lang='lat' dir='ltr'>nete</span> <span class='ocrx_word' id='word_1_395' title='bbox 1737 3312 2058 3380; x_wconf 84' lang='lat' dir='ltr'>Gliedenmg</span> <span class='ocrx_word' id='word_1_396' title='bbox 2094 3311 2190 3364; x_wconf 90' lang='lat' dir='ltr'>der</span> <span class='ocrx_word' id='word_1_397' title='bbox 2225 3313 2448 3379; x_wconf 62' lang='lat' dir='ltr'>Appos!</span> <span class='ocrx_word' id='word_1_398' title='bbox 2488 3341 2555 3348; x_wconf 95' lang='lat'><strong>—</strong></span> <span class='ocrx_word' id='word_1_399' title='bbox 2592 3310 2673 3378; x_wconf 73' lang='lat' dir='ltr'>ut]</span> <span class='ocrx_word' id='word_1_400' title='bbox 2712 3325 2754 3362; x_wconf 86' lang='grc'>8.</span> 
     </span>
     <span class='ocr_line' id='line_1_54' title="bbox 1584 3399 2757 3471; baseline -0.005 -15"><span class='ocrx_word' id='word_1_401' title='bbox 1584 3420 1654 3456; x_wconf 86' lang='lat' dir='ltr'>zu</span> <span class='ocrx_word' id='word_1_402' title='bbox 1690 3405 1720 3471; x_wconf 66' lang='grc' dir='ltr'>ξ</span> <span class='ocrx_word' id='word_1_403' title='bbox 1760 3403 1829 3456; x_wconf 87' lang='grc'>14</span> <span class='ocrx_word' id='word_1_404' title='bbox 1864 3401 1967 3455; x_wconf 83' lang='lat' dir='ltr'>illa</span> <span class='ocrx_word' id='word_1_405' title='bbox 2003 3400 2216 3453; x_wconf 81' lang='lat' dir='ltr'>veriora</span> <span class='ocrx_word' id='word_1_406' title='bbox 2249 3404 2325 3453; x_wconf 80' lang='lat' dir='ltr'>ut.</span> <span class='ocrx_word' id='word_1_407' title='bbox 2378 3431 2446 3438; x_wconf 92' lang='lat'>—-</span> <span class='ocrx_word' id='word_1_408' title='bbox 2497 3399 2572 3451; x_wconf 86' lang='lat' dir='ltr'>ad</span> <span class='ocrx_word' id='word_1_409' title='bbox 2620 3415 2757 3466; x_wconf 78' lang='lat' dir='ltr'>quas</span> 
     </span>
     <span class='ocr_line' id='line_1_55' title="bbox 1718 3487 2758 3559; baseline -0.004 -15"><span class='ocrx_word' id='word_1_410' title='bbox 1718 3491 2052 3559; x_wconf 73' lang='lat' dir='ltr'>animantes]</span> <span class='ocrx_word' id='word_1_411' title='bbox 2108 3505 2151 3542; x_wconf 88' lang='grc'>8.</span> <span class='ocrx_word' id='word_1_412' title='bbox 2198 3505 2385 3557; x_wconf 87' lang='lat' dir='ltr'>wegen</span> <span class='ocrx_word' id='word_1_413' title='bbox 2432 3489 2527 3542; x_wconf 83' lang='lat' dir='ltr'>des</span> <span class='ocrx_word' id='word_1_414' title='bbox 2578 3487 2758 3540; x_wconf 87' lang='lat' dir='ltr'>Genus</span> 
     </span>
     <span class='ocr_line' id='line_1_56' title="bbox 1585 3576 2756 3649; baseline -0.005 -15"><span class='ocrx_word' id='word_1_415' title='bbox 1585 3598 1654 3634; x_wconf 92' lang='lat' dir='ltr'>zu</span> <span class='ocrx_word' id='word_1_416' title='bbox 1690 3583 1719 3649; x_wconf 65' lang='grc' dir='ltr'>ξ</span> <span class='ocrx_word' id='word_1_417' title='bbox 1756 3582 1825 3635; x_wconf 89' lang='grc'>49</span> <span class='ocrx_word' id='word_1_418' title='bbox 1862 3579 2161 3633; x_wconf 78' lang='lat' dir='ltr'>animante.</span> <span class='ocrx_word' id='word_1_419' title='bbox 2212 3609 2279 3616; x_wconf 91' lang='lat'>-—</span> <span class='ocrx_word' id='word_1_420' title='bbox 2325 3577 2485 3646; x_wconf 80' lang='lat' dir='ltr'>idque</span> <span class='ocrx_word' id='word_1_421' title='bbox 2519 3576 2756 3645; x_wconf 75' lang='lat' dir='ltr'>faciunt]</span> 
     </span>
     <span class='ocr_line' id='line_1_57' title="bbox 1583 3665 2757 3737; baseline -0.005 -14"><span class='ocrx_word' id='word_1_422' title='bbox 1583 3670 1757 3723; x_wconf 85' lang='lat' dir='ltr'>direkt</span> <span class='ocrx_word' id='word_1_423' title='bbox 1791 3686 1897 3722; x_wconf 87' lang='lat' dir='ltr'>von</span> <span class='ocrx_word' id='word_1_424' title='bbox 1933 3668 2127 3737; x_wconf 78' lang='lat' dir='ltr'>quodsi</span> <span class='ocrx_word' id='word_1_425' title='bbox 2162 3666 2436 3736; x_wconf 70' lang='lat' dir='ltr'>abhiingig.</span> <span class='ocrx_word' id='word_1_426' title='bbox 2480 3697 2548 3704; x_wconf 97' lang='lat'><strong>—</strong></span> <span class='ocrx_word' id='word_1_427' title='bbox 2594 3665 2757 3718; x_wconf 79' lang='lat' dir='ltr'>simi-</span> 
     </span>
     <span class='ocr_line' id='line_1_58' title="bbox 1584 3755 2758 3827; baseline -0.006 -14"><span class='ocrx_word' id='word_1_428' title='bbox 1584 3759 1836 3827; x_wconf 75' lang='lat' dir='ltr'>litudine]</span> <span class='ocrx_word' id='word_1_429' title='bbox 1891 3799 1922 3827; x_wconf 88' lang='lat'>,‚</span> <span class='ocrx_word' id='word_1_430' title='bbox 1938 3757 2038 3810; x_wconf 87' lang='lat' dir='ltr'>mit</span> <span class='ocrx_word' id='word_1_431' title='bbox 2083 3757 2232 3810; x_wconf 86' lang='lat' dir='ltr'>einer</span> <span class='ocrx_word' id='word_1_432' title='bbox 2278 3755 2569 3808; x_wconf 87' lang='lat' dir='ltr'>menschen</span> <span class='ocrx_word' id='word_1_433' title='bbox 2584 3758 2616 3808; x_wconf 67' lang='lat' dir='ltr'>a</span> <span class='ocrx_word' id='word_1_434' title='bbox 2630 3755 2665 3806; x_wconf 93' lang='lat' dir='ltr'>h</span> <span class='ocrx_word' id='word_1_435' title='bbox 2681 3771 2717 3806; x_wconf 93' lang='lat' dir='ltr'>n</span> <span class='ocrx_word' id='word_1_436' title='bbox 2734 3784 2758 3794; x_wconf 89' lang='lat'>-</span> 
     </span>
     <span class='ocr_line' id='line_1_59' title="bbox 1583 3844 2757 3913; baseline -0.005 -12"><span class='ocrx_word' id='word_1_437' title='bbox 1583 3849 1716 3902; x_wconf 91' lang='lat' dir='ltr'>lich</span> <span class='ocrx_word' id='word_1_438' title='bbox 1731 3865 1807 3902; x_wconf 83' lang='lat' dir='ltr'>en</span> <span class='ocrx_word' id='word_1_439' title='bbox 1827 3847 2049 3901; x_wconf 79' lang='lat' dir='ltr'>Liebe“.</span> <span class='ocrx_word' id='word_1_440' title='bbox 2073 3877 2139 3884; x_wconf 94' lang='grc'>-</span> <span class='ocrx_word' id='word_1_441' title='bbox 2159 3844 2343 3913; x_wconf 75' lang='lat' dir='ltr'>mayis</span> <span class='ocrx_word' id='word_1_442' title='bbox 2364 3885 2400 3896; x_wconf 92' lang='lat'>..</span> <span class='ocrx_word' id='word_1_443' title='bbox 2415 3885 2427 3896; x_wconf 90' lang='lat'>.</span> <span class='ocrx_word' id='word_1_444' title='bbox 2446 3845 2513 3912; x_wconf 75' lang='lat' dir='ltr'>fit</span> <span class='ocrx_word' id='word_1_445' title='bbox 2531 3844 2757 3912; x_wconf 76' lang='lat' dir='ltr'>natura]</span> 
     </span>
     <span class='ocr_line' id='line_1_60' title="bbox 1585 3932 2763 4005; baseline -0.006 -14"><span class='ocrx_word' id='word_1_446' title='bbox 1585 3939 1727 4005; x_wconf 87' lang='lat' dir='ltr'>„der</span> <span class='ocrx_word' id='word_1_447' title='bbox 1752 3939 2002 4005; x_wconf 84' lang='lat' dir='ltr'>Vorgang</span> <span class='ocrx_word' id='word_1_448' title='bbox 2033 3935 2102 3988; x_wconf 84' lang='lat' dir='ltr'>ist</span> <span class='ocrx_word' id='word_1_449' title='bbox 2129 3933 2517 3988; x_wconf 79' lang='lat' dir='ltr'>natiirlicher“.</span> <span class='ocrx_word' id='word_1_450' title='bbox 2558 3963 2625 3972; x_wconf 89' lang='lat'>—</span> <span class='ocrx_word' id='word_1_451' title='bbox 2664 3932 2763 4000; x_wconf 77' lang='lat' dir='ltr'>qui</span> 
     </span>
     <span class='ocr_line' id='line_1_61' title="bbox 1587 4020 2761 4095; baseline -0.006 -14"><span class='ocrx_word' id='word_1_452' title='bbox 1587 4069 1599 4080; x_wconf 87' lang='lat'>.</span> <span class='ocrx_word' id='word_1_453' title='bbox 1632 4069 1643 4081; x_wconf 89' lang='lat'><strong>.</strong></span> <span class='ocrx_word' id='word_1_454' title='bbox 1677 4069 1689 4080; x_wconf 90' lang='lat'>.</span> <span class='ocrx_word' id='word_1_455' title='bbox 1726 4027 1912 4095; x_wconf 72' lang='lat' dir='ltr'>diliyit</span> <span class='ocrx_word' id='word_1_456' title='bbox 1958 4067 1969 4078; x_wconf 91' lang='lat'><strong>.</strong></span> <span class='ocrx_word' id='word_1_457' title='bbox 2003 4067 2014 4078; x_wconf 91' lang='lat'><strong>.</strong></span> <span class='ocrx_word' id='word_1_458' title='bbox 2047 4066 2058 4078; x_wconf 89' lang='lat'><strong>.</strong></span> <span class='ocrx_word' id='word_1_459' title='bbox 2106 4023 2379 4092; x_wconf 74' lang='lat' dir='ltr'>anquirit]</span> <span class='ocrx_word' id='word_1_460' title='bbox 2432 4022 2559 4076; x_wconf 83' lang='lat' dir='ltr'>Man</span> <span class='ocrx_word' id='word_1_461' title='bbox 2607 4020 2761 4075; x_wconf 82' lang='lat' dir='ltr'>sollte</span> 
     </span>
     <span class='ocr_line' id='line_1_62' title="bbox 1583 4110 2761 4186; baseline -0.007 -16"><span class='ocrx_word' id='word_1_462' title='bbox 1583 4133 1769 4186; x_wconf 85' lang='lat' dir='ltr'>wegen</span> <span class='ocrx_word' id='word_1_463' title='bbox 1834 4117 1931 4170; x_wconf 93' lang='lat' dir='ltr'>der</span> <span class='ocrx_word' id='word_1_464' title='bbox 1992 4113 2245 4168; x_wconf 85' lang='lat' dir='ltr'>kausalen</span> <span class='ocrx_word' id='word_1_465' title='bbox 2298 4111 2609 4179; x_wconf 89' lang='lat' dir='ltr'>Beziehung</span> <span class='ocrx_word' id='word_1_466' title='bbox 2667 4110 2761 4163; x_wconf 89' lang='lat' dir='ltr'>des</span> 
     </span>
     <span class='ocr_line' id='line_1_63' title="bbox 1585 4198 2765 4270; baseline -0.007 -11"><span class='ocrx_word' id='word_1_467' title='bbox 1585 4205 1971 4260; x_wconf 84' lang='lat' dir='ltr'>Relativsatzes</span> <span class='ocrx_word' id='word_1_468' title='bbox 1996 4204 2105 4258; x_wconf 90' lang='lat' dir='ltr'>den</span> <span class='ocrx_word' id='word_1_469' title='bbox 2132 4202 2289 4270; x_wconf 89' lang='lat' dir='ltr'>Konj.</span> <span class='ocrx_word' id='word_1_470' title='bbox 2320 4203 2597 4266; x_wconf 76' lang='lat' dir='ltr'>erwarten,</span> <span class='ocrx_word' id='word_1_471' title='bbox 2636 4198 2765 4252; x_wconf 89' lang='lat' dir='ltr'>aber</span> 
     </span>
     <span class='ocr_line' id='line_1_64' title="bbox 1587 4285 2765 4364; baseline -0.008 -16"><span class='ocrx_word' id='word_1_472' title='bbox 1587 4294 1819 4350; x_wconf 76' lang='lat' dir='ltr'>vielfach</span> <span class='ocrx_word' id='word_1_473' title='bbox 1847 4295 2049 4364; x_wconf 85' lang='lat' dir='ltr'>geniigt</span> <span class='ocrx_word' id='word_1_474' title='bbox 2076 4291 2211 4347; x_wconf 79' lang='lat' dir='ltr'>auch</span> <span class='ocrx_word' id='word_1_475' title='bbox 2247 4290 2332 4343; x_wconf 89' lang='lat' dir='ltr'>die</span> <span class='ocrx_word' id='word_1_476' title='bbox 2368 4289 2504 4343; x_wconf 84' lang='lat' dir='ltr'>bloss</span> <span class='ocrx_word' id='word_1_477' title='bbox 2532 4285 2765 4354; x_wconf 79' lang='lat' dir='ltr'>objektiv</span> 
     </span>
    </p>
   </div>
  </div>
 </body>
</html>
