3175 4825
1372 321 1416 358 c.
1458 308 1540 361 18.
1585 308 1667 360 19.
2676 306 2745 365 61

283 468 502 533 herbis
550 486 677 531 non
724 466 1056 532 fallacibus
1107 467 1351 531 fructus
1399 470 1732 551 appareat,
1778 486 1906 531 non
1954 470 2107 531 sunt
2151 467 2297 531 illae
2348 467 2605 549 quidem
2652 488 2749 532 re-

285 574 662 657 pudiandae,
709 576 994 639 vetustas
1033 576 1249 638 tamen
1283 592 1397 637 suo
1429 574 1565 638 loco
1598 573 2061 648 conservanda;
2109 574 2386 638 maxima
2434 577 2532 638 est
2579 575 2747 638 enim

286 682 384 745 vis
431 681 772 745 vetustatis
821 683 886 745 et
932 680 1425 745 consuetudinis.

1518 679 1688 758 Quin
1746 682 1813 744 in
1871 682 2007 763 ipso
2070 699 2259 762 eqw,
2320 680 2501 745 cuius
2561 680 2748 744 modo

281 788 409 852 feci
454 788 860 864 mentionem,
909 787 962 850 si
1007 787 1188 851 nulla
1217 806 1318 851 res
1351 786 1676 870 impediat,
1722 806 1907 851 nemo
1956 790 2053 851 est
2101 787 2254 868 quin
2302 806 2391 863 ec,
2439 806 2562 868 quo
2604 806 2750 851 con-

283 895 516 973 suevit,
561 895 861 959 libentius
910 896 1131 958 utatur
1179 912 1373 975 quam
1404 894 1749 958 intractato
1795 897 1858 959 et
1901 913 2095 968 novo;
2144 912 2262 957 nec
2306 913 2453 958 vero
2498 894 2565 957 in
2612 894 2749 971 hoc,

284 1001 461 1083 quod
509 1004 608 1065 est
654 1001 909 1078 animal,
957 1001 1069 1065 sed
1116 1002 1179 1064 in
1228 1002 1306 1064 iis
1354 1001 1566 1078 etiam,
1616 1019 1778 1082 quae
1827 1004 1981 1065 sunt
2010 1001 2310 1077 inanima,
2358 1001 2747 1065 consuetudo

288 1109 480 1185 valet,
529 1128 676 1173 cum
721 1108 873 1172 locis
921 1108 1076 1191 ipsis
1125 1108 1532 1184 delectemur,
1577 1108 1930 1171 montuosis
1979 1108 2171 1171 etiam
2222 1110 2287 1171 et
2330 1108 2747 1185 silvestribuS‚

285 1216 357 1278 in
408 1216 638 1297 quibus
688 1215 928 1279 diutius
977 1215 1348 1278 commorati
1395 1234 1638 1278 sumuS.

476 1321 603 1386 Sed
648 1322 996 1385 maximum
1027 1323 1125 1386 est
1169 1322 1236 1384 in
1269 1321 1549 1385 amicitia
1593 1340 1851 1404 parem
1898 1339 2063 1385 esse
2110 1320 2475 1384 inferiori.
2549 1319 2749 1403 Saepe
2775 1342 2839 1384 69

285 1429 467 1493 enirn
499 1429 904 1493 excellentiae
940 1428 1254 1509 quaedam
1286 1432 1455 1504 sunt,
1503 1427 1712 1509 qualis
1761 1430 1898 1491 erat
1932 1426 2237 1509 Scipionis
2285 1427 2351 1490 in
2396 1428 2631 1503 nostro,
2677 1429 2753 1490 ut

289 1536 386 1599 ita
449 1536 653 1599 dicam
669 1583 683 1611 ‚
743 1554 949 1616 grege.

1055 1534 1429 1616 Numquam
1492 1553 1559 1599 se
1619 1534 1725 1598 ille
1784 1534 1998 1611 Philo,
2065 1552 2419 1615 numquam
2480 1533 2753 1616 Rupilio,

288 1661 650 1723 numquam
683 1642 995 1705 Mummio
1029 1642 1412 1724 anteposuit,
1458 1660 1812 1723 numquam
1853 1640 2165 1704 inferioris
2213 1639 2449 1704 ordinis
2497 1640 2752 1715 amicis;

288 1748 372 1827 Q.
406 1767 550 1813 vero
584 1748 935 1812 Maximum
966 1747 1248 1824 fratrem,
1281 1748 1608 1830 egregium
1639 1748 1849 1813 virum
1881 1747 2151 1823 omnino,
2198 1746 2318 1810 sibi
2348 1764 2756 1828 nequaquam

291 1872 535 1937 parem,
584 1854 750 1936 quod
798 1856 852 1918 is
901 1856 1185 1919 anteibat
1217 1857 1446 1932 aetate,
1494 1857 1828 1935 tamquam
1862 1854 2253 1936 superiorem
2285 1854 2533 1918 colebat
2580 1872 2757 1917 suos-

291 1980 423 2042 que
469 1979 687 2025 omnes
734 1981 846 2044 per
894 1980 960 2025 se
1011 1962 1255 2044 [posse]
1305 1980 1442 2025 esse
1477 1961 1813 2044 ampliores
1845 1961 2112 2025 volebat.
2183 1959 2365 2038 Quod
2400 1960 2758 2024 faciendum
2781 1982 2845 2024 το

295 2191 638 2243 wiinscht.
691 2222 760 2229 ——
811 2193 1063 2259 vetustas]
1114 2191 1253 2257 „das
1291 2190 1472 2243 Alte“.

295 2280 412 2332 Das
439 2280 553 2332 Lat.
584 2279 751 2331 kennt
780 2279 930 2332 nicht
958 2280 1056 2332 wie
1083 2280 1178 2332 das
1205 2280 1476 2333 Deutsche

291 2368 408 2422 den
481 2368 761 2422 Gebrauch
843 2368 936 2422 des
1008 2368 1478 2423 substantivierten

297 2459 598 2512 Neutrums
645 2458 791 2511 eines
827 2457 1106 2527 Adjektivs
1143 2458 1272 2511 oder
1305 2457 1478 2512 Parti-

295 2547 417 2614 zips
457 2563 580 2598 zum
616 2547 900 2599 Ausdruck
936 2546 1084 2599 einer
1120 2545 1478 2614 Eigenschaft,

303 2634 410 2702 vgl.
461 2635 736 2702 iniquitas
787 2635 879 2688 das
928 2635 1199 2704 Unbillige
1219 2677 1232 2701 ‚
1281 2635 1480 2688 veritas

295 2724 402 2776 das
438 2723 642 2777 Wahre
658 2765 671 2790 ‚
720 2724 1032 2790 Tresfende,
1085 2724 1350 2777 acerbitas
1388 2724 1482 2777 das

305 2813 626 2866 Kriinkende
666 2831 715 2865 u.
754 2829 796 2866 S.
836 2829 899 2864 w,
965 2814 1049 2866 Im
1077 2813 1204 2881 folg.
1237 2814 1484 2867 bedentet

302 2905 540 2954 vetustas
591 2901 742 2968 „alte
779 2901 1258 2954 Bekanntschaft“.
1312 2933 1378 2940 —
1429 2901 1486 2953 si

305 2990 466 3042 malla
529 3007 612 3042 res
677 2990 959 3058 impediat]
1027 3007 1229 3056 „wenn
1284 2992 1486 3044 sonst

305 3078 486 3131 nichts
553 3119 564 3130 .
595 3119 605 3130 .
639 3082 712 3131 .“.
775 3110 838 3118 -
905 3097 1007 3147 quo
1063 3079 1350 3147 consumit]
1409 3096 1482 3132 sc.

301 3168 409 3221 uti.
435 3199 498 3206 —
521 3167 832 3236 intractato]
856 3208 886 3234 „
899 3167 1296 3234 und1·essiert“;
1316 3168 1485 3221 durch

297 3274 479 3310 atomis
517 3256 648 3309 wird
684 3257 778 3309 das
817 3257 1118 3325 uberhaupt
1163 3257 1300 3310 noch
1338 3257 1488 3310 nicht

309 3346 566 3398 benutzte
601 3346 769 3398 Pserd
807 3345 919 3398 bez.
963 3377 1026 3384 —-
1078 3363 1175 3399 nee
1211 3348 1349 3414 vero]
1388 3347 1484 3399 Er-

297 3439 477 3503 ,ganzo
505 3435 662 3488 modo
691 3435 816 3488 oder
843 3435 1020 3488 solum
1049 3437 1320 3502 (tantum),
1361 3435 1487 3488 wel-

309 3524 442 3576 ches
491 3540 589 3577 vor
635 3523 728 3576 sed
773 3524 940 3576 etiam
992 3541 1095 3575 nur
1143 3523 1316 3576 selten
1366 3540 1488 3577 aus-

305 3612 557 3680 gelassen
596 3613 745 3665 wird.
785 3645 851 3652 -
899 3612 1202 3666 montuosis
1238 3613 1406 3666 eliam
1442 3619 1490 3666 el

301 3701 672 3770 silvestribus]
720 3704 804 3754 An
851 3702 962 3755 sich
1003 3702 1216 3755 siihlten
1253 3702 1371 3755 sich
1405 3703 1489 3754 die

313 3790 503 3855 Alten,
589 3791 795 3844 worauf
867 3791 1003 3845 auch
1077 3793 1170 3845 das
1244 3795 1489 3860 „sogar“

303 3879 605 3934 schliel'sen
633 3878 771 3946 laist,
811 3880 885 3931 im
915 3879 1138 3948 Gegens.
1180 3898 1246 3933 zu
1273 3897 1491 3934 unserm

315 3969 610 4021 modernen
658 3968 1019 4037 Naturgefiihl
1064 3986 1170 4022 von
1207 3969 1402 4038 Gebirg
1438 3987 1490 4022 u.

315 4056 476 4110 Wald
505 4057 657 4111 nicht
683 4074 998 4126 angezogen,
1039 4059 1300 4112 vielmehr
1323 4058 1491 4111 durch

306 4147 422 4199 (len
459 4146 665 4199 rauhen
703 4146 994 4201 Charakter
1039 4147 1250 4200 solcher
1287 4148 1492 4216 Gegen-

309 4236 422 4288 den
462 4253 514 4288 u.
554 4235 640 4288 die
679 4235 778 4287 mit
812 4236 981 4289 ihrem
1011 4236 1225 4290 Besuch
1261 4237 1492 4290 verbun-

307 4325 496 4378 donen
535 4324 1004 4393 Schwierigkeiten
1043 4327 1393 4395 abgestossen.

427 4414 702 4470 Cxcanoms
731 4415 955 4469 Imauus
983 4433 1049 4468 DF:
1079 4433 1324 4470 Amen-m.

1660 2203 1741 2243 69.
1780 2190 2091 2243 maximum
2118 2191 2212 2258 est]
2244 2189 2575 2256 „besonders
2594 2189 2759 2241 wich-

1584 2280 1720 2348 tig“.
1752 2310 1819 2318 —-
1856 2279 2210 2346 excellentiae]
2248 2278 2358 2331 Das
2385 2277 2474 2331 lat.
2505 2277 2760 2331 Abstrak-

1583 2371 1701 2422 tum
1737 2368 1856 2437 (der
1882 2366 2065 2422 Plural
2094 2384 2279 2436 wegen
2305 2368 2480 2436 saepe)
2518 2366 2649 2420 wird
2686 2366 2761 2419 im

1585 2459 1651 2511 D.
1706 2475 1829 2510 zum
1876 2457 2237 2510 Konkretum:
2292 2457 2760 2524 „hervorragende

1586 2546 2143 2601 Personlichkeiten“.
2184 2577 2250 2586 —
2285 2548 2457 2614 yreqe]
2498 2545 2760 2612 „Kreis“.

1589 2636 1689 2690 Bei
1743 2637 1863 2689 dem
1920 2635 2141 2689 Fortfall
2198 2636 2291 2688 des
2341 2635 2543 2702 Tropus
2597 2633 2765 2688 bleibt

1590 2724 1727 2778 auch
1764 2725 1858 2778 das
1896 2725 2190 2778 mildernde
2227 2730 2287 2777 ut
2323 2723 2405 2777 ila
2441 2724 2625 2777 dicam
2666 2741 2764 2776 un-

1589 2815 1876 2868 iibersetzt.
1919 2845 1981 2852 —
2022 2814 2204 2882 Philo]
2245 2830 2314 2866 zu
2348 2816 2379 2882 §
2424 2815 2501 2867 14.
2545 2844 2609 2852 —
2648 2813 2765 2866 Ru-

1583 2903 1749 2972 pilio]
1801 2921 1870 2955 zu
1917 2905 1947 2971 §
1997 2904 2082 2957 37.
2144 2933 2207 2940 —
2266 2902 2558 2970 Mummio]
2616 2901 2767 2954 nicht

1593 2993 1649 3046 L.
1691 2991 2003 3057 Mummius,
2054 2992 2150 3044 der
2196 2991 2458 3043 Eroberer
2506 3007 2611 3043 von
2656 2990 2765 3043 Ko-

1593 3081 1732 3133 rinth
1751 3121 1764 3146 ‚
1830 3080 2059 3134 sondern
2124 3079 2314 3132 dessen
2369 3079 2604 3145 Bruder‚
2672 3081 2767 3132 der

1594 3173 1625 3238 ἓ
1657 3172 1754 3225 101
1795 3169 2092 3223 deutlicher
2128 3169 2298 3221 durch
2325 3169 2430 3222 den
2459 3168 2766 3222 Vornamen

1595 3259 1818 3327 Spurius
1847 3259 1958 3312 bez.
1991 3259 2073 3311 ist.
2106 3290 2173 3297 —
2212 3258 2500 3326 inferioris
2528 3257 2765 3326 ordinis]

1594 3349 1665 3401 im
1708 3349 1931 3417 Gegens.
1972 3365 2039 3401 zu
2086 3349 2182 3400 der
2226 3347 2464 3400 hoheren
2511 3347 2766 3416 Stellung‚

1594 3437 1799 3490 welche
1849 3437 1935 3490 die
1987 3437 2177 3490 beiden
2228 3439 2467 3490 ersteren
2506 3436 2583 3490 als
2621 3437 2767 3490 Kon-

1597 3525 1717 3579 suln
1782 3525 2136 3592 einnahmen‚
2202 3526 2301 3579 der
2362 3524 2583 3578 letztere
2648 3527 2769 3579 des-

1599 3614 1839 3684 gleichen
1886 3615 2085 3682 infolge
2137 3615 2231 3668 des
2268 3614 2557 3668 Konsulats
2595 3614 2770 3668 seines

1599 3704 1848 3757 Bruders.
1914 3736 1974 3742 —
2040 3703 2099 3767 Q.
2151 3704 2482 3773 Maximum]
2540 3721 2609 3756 zu
2658 3706 2687 3771 ξ
2736 3707 2769 3758 9

1598 3793 1874 3846 Paullum.
1943 3825 2009 3832 -
2084 3792 2330 3861 omnino]
2398 3792 2770 3846 eimfiumend:

1602 3881 1989 3949 „allerdings“,
2040 3881 2231 3934 darauf
2273 3880 2388 3933 sibi
2430 3897 2773 3948 nequaquam

1594 3989 1651 4040 p.
1702 3970 1759 4022 in
1809 3969 2288 4038 gegensiitzlichem
2337 3971 2665 4037 Asyndeton.
2708 4001 2769 4008 --

1600 4061 1848 4128 suosque]
1888 4060 2041 4126 „und
2078 4059 2449 4126 iiberhaupt
2488 4062 2623 4124 ...“,
2668 4058 2772 4126 vgl.

1604 4151 1635 4217 ξ
1674 4152 1739 4204 57
1779 4150 2094 4216 multaeque.
2149 4179 2214 4187 ———
2260 4166 2360 4216 per
2408 4166 2462 4200 se.
2509 4166 2619 4201 esse
2655 4165 2775 4200 am.-

1596 4239 1819 4307 pliores]
1852 4237 2066 4305 „durch
2095 4237 2203 4302 iim,
2234 4238 2282 4289 d.
2314 4237 2364 4289 h.
2394 4237 2564 4290 durch
2593 4236 2779 4289 seinen

1604 4327 1836 4380 Einsluss
1873 4326 2138 4394 steigen“.

2317 4417 2351 4468 5
