3175 4825
1370 289 1414 326 e.
1453 274 1538 326 21.
1578 274 1665 326 22.
2675 272 2759 330 (39‘

290 437 636 519 pervenire,
683 436 1018 501 coniuncta
1065 438 1130 499 et
1177 436 1535 500 consociata
1582 454 1728 499 cum
1776 436 1978 499 altera
2024 436 2397 518 perveniret.
2467 434 2644 514 Quae
2694 437 2747 499 si

296 563 451 625 quos
509 543 676 607 inter
725 543 991 607 societas
1050 543 1163 605 aut
1222 544 1320 606 est
1379 543 1491 605 aut
1550 541 1674 605 fuit
1734 544 1849 605 aut
1906 540 2127 606 futura
2184 544 2312 619 est,
2373 560 2591 606 eorum
2650 543 2749 605 est

293 650 622 714 habendus
685 649 764 713 ad
825 668 1151 713 summum
1219 651 1488 712 naturae
1560 649 1796 712 bonum
1866 649 2144 731 optimus
2213 648 2747 729 beatissimusque

295 756 653 820 comitatus.
727 756 904 820 Haec
935 757 1050 831 est,
1095 755 1378 836 inquam,
1425 754 1711 831 societaS,
1757 755 1821 818 in
1872 773 1997 836 qua
2043 756 2253 819 omnia
2299 755 2535 831 insunt,
2584 773 2747 836 quae
2770 764 2835 817 s4'

293 866 527 947 putant
564 863 852 927 homines
886 862 1252 945 expetenda,
1298 862 1620 938 honestas,
1668 862 1884 943 gloria,
1930 862 2363 943 tranquillitas
2412 862 2607 925 animi
2653 863 2750 925 at·

296 990 419 1052 que
466 970 846 1047 iucundita8‚
892 972 968 1033 ut
1014 971 1096 1046 et,
1143 988 1290 1033 cum
1333 970 1494 1033 haec
1540 968 1768 1045 adsint,
1814 968 2003 1032 beata
2048 969 2180 1032 vita
2226 968 2313 1032 sit
2357 970 2422 1032 et
2470 968 2603 1033 sine
2648 967 2749 1031 his

295 1096 434 1141 esse
493 1096 620 1141 non
679 1077 896 1160 possit.

1004 1074 1186 1154 Quod
1247 1094 1395 1139 cum
1464 1075 1777 1158 optimum
1837 1075 2315 1155 maximumque
2378 1075 2491 1151 sit,
2562 1075 2616 1139 si
2682 1074 2746 1137 id

296 1184 590 1248 volumus
639 1183 917 1267 adipisci,
963 1182 1186 1247 virtuti
1234 1200 1423 1265 opera
1471 1182 1680 1263 danda
1727 1184 1844 1257 est,
1892 1182 2025 1245 sine
2075 1200 2200 1263 qua
2246 1200 2365 1246 nec
2405 1182 2749 1246 amicitiam

297 1309 507 1371 neque
568 1291 770 1355 ullam
828 1309 964 1354 rem
1013 1289 1429 1372 expetendam
1475 1289 1779 1370 consequi
1822 1306 2196 1371 possumus;
2259 1307 2335 1353 ea
2393 1308 2540 1353 vero
2599 1307 2752 1369 neg-

294 1399 463 1461 lecta
523 1398 634 1478 qui
694 1416 761 1461 se
824 1396 1060 1461 amicos
1104 1397 1340 1461 habere
1388 1396 1806 1471 arbitrantur,
1868 1397 2009 1460 tum
2070 1414 2137 1459 se
2185 1395 2456 1477 denique
2504 1413 2749 1459 errasse

295 1505 609 1581 sentiunt,
668 1523 816 1568 cum
879 1522 986 1568 eos
1045 1504 1256 1585 gravis
1317 1503 1548 1584 aliquis
1610 1521 1796 1567 casus
1854 1502 2122 1585 experiri
2168 1502 2351 1584 cogit.
2443 1500 2752 1581 Quocirca
2772 1519 2845 1564 ss

293 1610 661 1694 (dicendum
708 1612 807 1675 est
853 1610 1023 1674 enim
1070 1609 1376 1693 saepius),
1423 1628 1569 1674 cum
1618 1609 1943 1686 iudicariS,
1990 1608 2249 1691 diligere
2298 1611 2561 1692 oportet,
2605 1628 2750 1685 non,

293 1737 442 1782 cum
489 1717 801 1794 dilexeri8‚
846 1716 1142 1781 iudicare.
1220 1716 1344 1781 Sed
1392 1736 1539 1781 cum
1577 1716 1801 1780 multis
1833 1716 1899 1779 in
1929 1717 2120 1780 rebus
2152 1716 2555 1798 neglegentia
2585 1716 2753 1799 plec-

292 1825 510 1901 timur,
559 1826 703 1889 tum
749 1824 1021 1888 maxime
1068 1824 1132 1887 in
1183 1823 1402 1887 amicis
1435 1825 1500 1888 et
1532 1824 1841 1905 eligendis
1876 1826 1941 1888 et
1973 1822 2282 1897 colendis;
2328 1823 2751 1905 praeposteris

294 1931 466 1995 enim
512 1932 754 1995 utimur
796 1930 1072 1995 consiliis
1121 1934 1186 1994 et
1230 1935 1420 2006 „acta
1465 1931 1780 2011 agimus“,
1830 1930 1996 2011 quod
2030 1933 2323 1994 vetamur
2353 1932 2564 1994 vetere
2610 1948 2753 2012 pro-

293 2163 324 2229 ,ξ
364 2162 432 2215 19
469 2165 731 2213 naturam
777 2158 1044 2228 optimam
1089 2158 1213 2212 benc
1257 2158 1473 2212 vivmdi

292 2250 497 2303 duoem.
539 2280 606 2287 —
645 2265 770 2301 cum
797 2248 988 2317 altera]
1029 2273 1092 2292 =
1125 2265 1251 2301 eum
1278 2247 1471 2301 virtute
1581 2289 1593 2299 .
1618 2289 1629 2301 .
1653 2250 1718 2300 .“.

293 2337 540 2391 alterius.
593 2368 660 2375 —
711 2336 769 2389 si
810 2354 940 2406 quos
977 2337 1139 2406 inter]
1187 2336 1288 2391 Die
1326 2340 1469 2389 Ana-

294 2428 511 2496 strophe
547 2428 643 2481 der
678 2427 1008 2496 Praposition
1045 2426 1116 2480 ist
1150 2426 1269 2480 hier
1303 2427 1471 2480 durch

294 2518 399 2570 den
452 2515 720 2570 beliebten
776 2515 1126 2570 enklitischen
1177 2515 1471 2570 Anschlui's

294 2606 392 2660 des
442 2605 686 2659 tonlosen
722 2605 1025 2659 Pronomen
1063 2605 1227 2658 indes.
1267 2622 1335 2658 an
1383 2605 1470 2659 die

295 2694 660 2762 Konjunktion
698 2693 1004 2749 veranlasst.
1045 2726 1111 2733 —
1161 2711 1348 2748 eorum
1386 2735 1397 2746 .
1422 2735 1433 2746 .
1457 2734 1468 2746 .

293 2783 604 2853 comitatus]
643 2782 722 2836 als
758 2784 825 2837 ob
853 2782 940 2837 ein
967 2783 1291 2839 Relativsatz
1329 2782 1474 2836 inter

293 2890 427 2941 quos
453 2873 581 2926 haec
608 2873 835 2926 societas
863 2878 938 2926 est
965 2873 1327 2941 voraufginge,
1364 2871 1468 2941 vgl.

293 2964 325 3030 ξ
363 2963 434 3016 74
471 2979 565 3014 nec
609 2962 666 3015 si
708 2962 809 3031 qui
844 3003 856 3014 .
879 3003 891 3014 .
915 3003 926 3014 .
964 2962 1200 3015 studiosi
1231 2963 1469 3029 fuerunt,

293 3068 382 3104 eos
409 3051 600 3104 habere
627 3051 972 3104 necessarios.
996 3083 1063 3090 —
1091 3051 1166 3104 ad
1189 3068 1472 3104 summu-m

293 3145 408 3192 nat.
448 3139 649 3192 bonum
679 3180 691 3192 .
711 3180 722 3192 .
741 3181 752 3192 .
783 3140 1094 3209 comitatus]
1135 3139 1352 3206 „Geleit
1379 3141 1473 3192 auf

295 3228 416 3280 dem
454 3228 626 3296 &Vege
665 3245 732 3282 zu
770 3269 782 3281 .
806 3269 818 3280 .
841 3233 907 3281 .“.
982 3229 1083 3282 Die
1120 3228 1472 3298 Verbindung

294 3317 390 3370 des
444 3317 1123 3386 Prapositionalausdrucks
1187 3318 1284 3370 mit
1347 3318 1471 3371 dem

294 3405 471 3460 Subst.
526 3406 723 3459 erklfirt
770 3406 886 3460 sich
935 3406 1099 3461 leicht
1147 3407 1317 3460 durch
1365 3408 1471 3460 den

295 3494 698 3563 Verbalbegrifi
731 3496 825 3549 des
861 3494 1134 3550 letzteren.

371 3596 398 3640 8
407 3598 452 3637 4.
483 3584 786 3654 metenda]
809 3625 840 3651 „
852 3585 1153 3638 erstrebens
1165 3601 1214 3636 w
1227 3601 1255 3637 e
1267 3601 1295 3636 1·
1305 3587 1327 3636 t
1338 3585 1385 3635 “.
1403 3615 1470 3622 ——

292 3674 481 3741 atque]
570 3673 848 3728 verbindet
920 3691 1024 3726 nur
1095 3673 1472 3742 tranquillitas

293 3760 486 3814 animi
507 3779 558 3814 u.
580 3761 898 3816 iucunditas
926 3778 999 3816 sc.
1029 3763 1217 3816 animi
1241 3762 1471 3831 („Froh·

293 3849 417 3903 sinn
431 3852 484 3919 ⁸⁶)
524 3868 588 3903 zu
620 3851 832 3904 einem
862 3851 1087 3920 Begriff,
1126 3868 1184 3905 so
1212 3852 1328 3906 dass
1355 3851 1474 3904 hier

294 3939 352 3992 in
417 3938 793 3994 Wirkliehkeit
865 3940 976 3994 drei
1050 3940 1472 3993 unverbundene

295 4027 515 4082 Glieder
551 4029 859 4082 vorhanden
898 4029 1031 4083 sind.
1081 4061 1147 4068 —
1196 4035 1244 4082 et
1282 4069 1328 4081 ..
1352 4069 1364 4080 .
1403 4030 1470 4097 et]

295 4117 384 4172 bei
447 4118 881 4187 gleichwertigen
943 4119 1307 4187 Gegensiitzen
1373 4119 1472 4172 wie

293 4208 326 4275 ξ
353 4208 422 4262 47
461 4213 508 4261 et
545 4208 744 4262 lactari
777 4213 824 4261 et
859 4209 1045 4274 dolere,
1085 4210 1150 4262 91
1178 4213 1226 4260 et
1263 4225 1474 4260 monere

293 4301 344 4348 et
370 4297 611 4360 moneri;
643 4296 714 4349 im
734 4297 826 4352 D.:
859 4297 1012 4364 „und
1032 4296 1385 4350 anderseits“.
1403 4325 1470 4338 -ο

1577 2176 1745 2227 mque
1775 2160 1949 2212 ullam
1974 2160 2111 2227 rem]
2151 2159 2330 2226 „noch
2360 2158 2753 2227 iiberhaupt

1758 2280 1825 2286 —
1863 2249 1968 2316 eos]
2009 2247 2200 2315 Objekt
2236 2265 2302 2301 zu
2339 2247 2491 2315 coyit.

1654 2350 1735 2394 85.
1765 2337 2053 2389 dicendum
2080 2341 2156 2389 est
2182 2336 2332 2389 enim-
2358 2336 2600 2404 saepius]
2629 2335 2750 2403 Vgl.

1579 2430 1609 2496 ἓ
1646 2429 1715 2481 62
1754 2444 1805 2479 u.
1846 2429 1929 2482 78.
1992 2425 2139 2479 Wir:
2180 2442 2345 2494 „man
2384 2425 2535 2479 inufs'
2561 2425 2754 2478 immer

1579 2517 1779 2569 wieder
1816 2556 1828 2568 .
1852 2555 1863 2567 .
1888 2519 1953 2568 .“.
1994 2547 2060 2554 -
2109 2532 2235 2568 cum
2271 2514 2567 2583 iudicans]
2614 2515 2753 2568 Dem

1581 2604 1823 2658 Infinitiv
1852 2605 2237 2658 beizuordnen:
2269 2605 2424 2670 „erst
2548 2603 2750 2657 dann“.

1579 2694 1788 2762 Wegen
1824 2693 2099 2747 iudicaris
2149 2709 2191 2746 s.
2245 2711 2311 2746 zu
2360 2695 2390 2762 ξ
2428 2695 2497 2747 22
2548 2710 2757 2760 quoquo

1579 2789 1627 2836 tc
1662 2783 1897 2836 verteris.
1951 2815 2019 2822 —
2071 2800 2198 2836 cum
2248 2783 2438 2836 multis
2476 2782 2541 2834 in
2575 2782 2753 2850 rebus]

1580 2873 1724 2941 „wie
1760 2871 1817 2923 in
1854 2871 2030 2924 vielen
2069 2872 2356 2925 anderen
2382 2871 2652 2940 Dingen“.
2684 2902 2750 2909 —

1571 2961 1883 3029 plectimur]
1948 2977 2090 3027 „wir
2142 2963 2429 3014 iniissen
2485 2960 2755 3026 biissen“;

1577 3049 1908 3118 mquqentia
1944 3049 2063 3103 Abl.
2099 3065 2305 3102 causae.
2349 3080 2415 3087 —
2447 3055 2755 3117 praeposte-

1577 3139 1663 3192 ris
1698 3139 1915 3192 utimur
1950 3138 2223 3207 consiliis]
2279 3137 2420 3205 „wir
2468 3137 2754 3205 iiberlegen

1580 3245 1646 3281 zu
1675 3227 1987 3281 verkehrter
2014 3227 2171 3281 Zeit“
2209 3227 2265 3279 in
2302 3227 2421 3280 dem
2452 3226 2616 3280 Sinne
2652 3243 2755 3278 un-

1579 3333 1726 3371 seres
1741 3317 2092 3385 Sprichworts
2112 3316 2439 3385 „vorgethan
2459 3315 2568 3368 und
2589 3315 2755 3369 nach-

1579 3407 1849 3461 bedacht‘·
1889 3407 2019 3460 odel·
2053 3406 2148 3458 des
2184 3405 2381 3474 griech.
2424 3413 2689 3478 Προμηθε
2700 3409 2759 3466 ὺς

1577 3499 1723 3569 μετὰ
1763 3498 1828 3549 τὰ
1869 3499 2016 3570 ἔργα.
2090 3495 2241 3548 Etwa
2283 3493 2525 3548 dasselbe
2572 3495 2759 3562 besagt

1580 3585 1654 3636 im
1682 3584 1795 3637 Lat.
1826 3584 1921 3636 das
1950 3583 2404 3652 sprichwortliche
2442 3588 2567 3636 acta
2602 3599 2765 3650 ayere

1579 3672 1915 3743 („Gethanes
1942 3672 2138 3738 thun“,
2167 3673 2216 3726 d.
2237 3671 2289 3724 h.
2317 3673 2517 3725 andern
2545 3671 2756 3737 wollen,

1582 3778 1689 3815 was
1727 3761 1878 3815 nicht
1912 3762 2070 3816 mehr
2106 3778 2172 3815 zu
2208 3761 2409 3816 andern
2460 3761 2574 3828 ist),
2626 3759 2754 3814 wel-

1581 3851 1709 3905 ches
1738 3850 1982 3904 entlehnt
2018 3850 2087 3904 ist
2125 3867 2199 3918 „a
2235 3849 2458 3916 iudiciis,
2497 3849 2587 3903 ubi
2616 3849 2753 3918 quod

1579 3939 1747 3994 semel
1786 3939 2074 3993 iudicatum
2112 3942 2217 4006 est,
2256 3940 2527 3993 frustra
2562 3938 2757 3992 iterum

1581 4028 1819 4097 agitu1··‘.
1894 4028 1975 4082 Im
2026 4028 2091 4080 D.
2144 4028 2294 4083 liesse
2346 4028 2458 4081 sich
2508 4028 2605 4081 der
2652 4028 2755 4081 Ge-

1580 4116 1751 4172 danke
1787 4117 1892 4170 frei
1921 4120 2057 4170 etwa
2084 4132 2142 4170 so
2168 4117 2563 4185 wiedergeben:
2602 4117 2756 4184 „und

1581 4206 1809 4260 macheu
1862 4223 1920 4260 es
1968 4207 2139 4272 dann,
2197 4205 2296 4259 wie
2351 4205 2451 4258 wir
2504 4221 2562 4258 es
2617 4205 2757 4258 nach

1581 4297 1757 4350 einem
1796 4296 1939 4350 alten
1978 4295 2303 4365 Sprichwort
2344 4294 2493 4347 nicht
2530 4294 2755 4347 maehen
