3175 4825
1415 299 1460 335 e.
1500 283 1586 336 25.
2660 282 2730 341 '6⁸5

269 443 514 521 Conti0,
564 464 725 526 quae
774 464 848 509 ex
893 444 1388 527 imperitissimis
1437 446 1707 521 constat,
1755 446 1973 508 tamen
2019 444 2299 509 iudicare
2348 446 2527 522 solet,
2576 445 2727 527 quid

267 551 524 615 intersit
569 552 736 616 inter
780 552 1178 635 popularem,
1234 551 1298 615 id
1344 554 1444 615 est
1491 551 1965 615 adsentatorem
2012 555 2078 615 et
2124 552 2327 615 levem
2376 552 2603 629 civem,
2664 556 2730 615 et

269 658 438 722 inter
499 660 929 735 constantem,
998 658 1062 722 id
1133 661 1232 723 est
1291 677 1512 723 verum
1573 660 1642 722 et
1701 677 1979 739 gravem.
2087 657 2333 737 Quibus
2403 658 2727 723 blanditiis
2752 676 2821 718 9⁶

272 763 339 829 C.
386 764 680 848 Papirius
726 784 930 848 nuper
974 765 1283 829 influebat
1327 766 1393 828 in
1441 784 1630 830 aures
1678 765 2013 841 contioniS,
2074 785 2220 830 cum
2278 764 2474 830 ferret
2519 766 2728 847 legem

272 871 350 935 de
396 871 669 935 tribunis
716 872 918 955 plebis
965 872 1349 936 reficiendis!
1427 872 1867 936 Dissuasimus
1912 891 2064 946 nos;
2120 872 2231 936 sed
2280 873 2438 936 nihil
2483 872 2559 936 de
2606 891 2729 949 me,

271 978 350 1041 de
385 977 673 1061 Scipione
721 978 928 1043 dicam
975 979 1296 1043 libentius.
1372 978 1633 1058 Quanta
1676 980 1805 1056 illa,
1853 979 1917 1043 di
1962 979 2373 1055 immortaleS,
2419 978 2541 1042 fuit
2586 998 2730 1060 gra-

270 1085 457 1162 vitaS,
507 1087 748 1166 quanta
792 1086 858 1149 in
898 1087 1179 1150 oratione
1211 1085 1548 1151 maiestas!
1598 1088 1672 1150 ut
1717 1085 1900 1149 facile
1933 1085 2161 1150 ducem
2191 1086 2408 1168 populi
2439 1085 2729 1161 Romani,

271 1211 400 1256 non
447 1192 744 1256 comitem
775 1192 1034 1257 diceres
1106 1191 1230 1256 Sed
1279 1192 1574 1257 adfuistis
1624 1195 1690 1256 et
1738 1195 1837 1257 est
1882 1193 1946 1256 in
1978 1193 2275 1256 manibus
2309 1192 2529 1257 oratio.
2597 1191 2731 1255 Ita-

274 1318 398 1381 que
457 1299 558 1362 lex
615 1300 937 1382 popularis
998 1298 1316 1382 suffragiis
1362 1300 1580 1383 populi
1626 1299 1961 1381 repudiata
2008 1301 2122 1363 est.
2216 1301 2455 1380 Atque,
2515 1302 2590 1362 ut
2649 1298 2731 1361 ad

274 1425 376 1470 me
423 1406 712 1483 redeam,
759 1406 1167 1483 meministiS,
1215 1405 1288 1485 Q.
1333 1407 1641 1483 Maximo,
1688 1405 1885 1469 fratre
1936 1405 2276 1489 Scipionis,
2324 1409 2390 1470 et
2432 1406 2502 1469 L.
2549 1405 2737 1468 Man-

274 1514 415 1577 cino
463 1514 826 1577 consulibus
875 1532 1067 1595 quam
1117 1514 1442 1596 popularis
1488 1514 1607 1578 lex-
1638 1514 1714 1577 de
1763 1513 2134 1579 sacerdotiis
2183 1512 2251 1578 C.
2282 1512 2486 1577 Licini
2517 1511 2733 1577 Crassi

273 1619 641 1684 videbatur!
690 1621 1004 1703 cooptatio
1053 1622 1219 1685 enim
1253 1621 1664 1702 collegiorum
1713 1620 1792 1684 ad
1838 1619 2055 1703 populi
2103 1618 2474 1684 beneficium
2523 1621 2740 1681 trans-

273 1726 634 1800 ferebatur:
695 1729 887 1808 atque
947 1728 1001 1792 is
1060 1727 1306 1810 primus
1367 1728 1651 1791 instituit
1703 1728 1768 1790 in
1826 1726 2034 1791 forum
2082 1745 2303 1791 versus
2353 1744 2539 1807 agere
2586 1745 2737 1789 cum

277 2010 327 2045 u.
358 1992 454 2045 das
474 1992 665 2045 darauf
682 1992 1006 2060 gegriindete
1025 1991 1452 2046 Unterscheiden
1560 1992 1636 2043 im
1691 1992 1899 2045 Griech.
1958 2006 2112 2059 sogal·
2163 2013 2265 2063 μοι
2321 1994 2607 2064 δοκοῦμεν.
2666 2021 2737 2028 -

275 2080 608 2135 bezeichnet.
665 2112 731 2119 —
787 2080 1054 2149 iudicare]
1112 2079 1235 2132 Wir
1286 2081 1453 2149 fiigen
1559 2080 1744 2149 facile]
1811 2079 2306 2147 „unbedenklich“.
2374 2110 2441 2118 —-
2510 2079 2739 2147 diecres]

276 2169 364 2222 ein
401 2169 892 2238 phraseologisches
941 2169 1178 2235 „wissen
1192 2171 1223 2197 “
1272 2169 1450 2222 hinzu.
1561 2170 1632 2223 So
1666 2170 1853 2223 wiirde
1892 2185 1949 2223 es
1986 2169 2123 2223 auch
2162 2168 2499 2237 unabhiingig
2536 2184 2639 2221 von
2675 2173 2741 2220 ut

275 2260 404 2312 solet
455 2258 585 2311 wird
636 2258 709 2309 im
759 2258 825 2313 D.
876 2258 1108 2312 Adverb.
1161 2290 1229 2297 ——
1278 2276 1452 2327 popu-

277 2348 472 2417 larem]
525 2347 581 2399 111
636 2346 830 2401 malam
886 2350 1090 2417 partem
1144 2347 1450 2418 gebraucht‚

279 2437 392 2490 bez.
432 2437 527 2490 das
565 2437 722 2490 Wort
768 2437 888 2491 hier
924 2454 1045 2491 vom
1082 2437 1290 2491 schroff
1327 2437 1454 2491 kon-

277 2526 583 2581 servativen
608 2526 943 2595 Standpunkt
968 2528 1073 2581 den
1099 2527 1455 2581 Demokraten

279 2616 354 2668 im
392 2616 516 2684 GgS.
570 2633 691 2669 zum
730 2616 1062 2685 Optimaten,
1113 2617 1237 2670 dem
1285 2616 1454 2683 „cha-

279 2705 679 2758 rakterfesten“
730 2705 938 2774 Biirger
983 2703 1107 2760 κατ’
1139 2709 1346 2777 ἐξοχήν.
1384 2736 1453 2743 -

278 2793 693 2862 adsentatorem]
753 2820 814 2838 =
874 2795 948 2846 ad
1000 2795 1324 2847 volunlatem
1379 2795 1454 2848 lo-

279 2887 525 2950 quentem
563 2885 593 2951 ξ
631 2886 729 2949 91,
778 2883 881 2951 vgl.
929 2900 979 2951 p.
1031 2883 1166 2937 Sest.
1204 2885 1304 2949 45,
1355 2885 1452 2938 96:

281 2971 418 3040 „qui
456 2987 546 3038 ea,
597 2987 731 3040 quae
779 2971 1049 3026 faciebant
1098 2988 1338 3041 quaeque
1375 2971 1454 3023 di-

281 3060 499 3127 cebant,
552 3060 880 3114 multitudini
930 3061 1160 3114 iucunda
1210 3060 1458 3114 volebant

283 3164 417 3215 esse,
459 3148 738 3217 populares
776 3189 788 3200 .
813 3189 858 3201 ..
897 3149 1230 3202 habebantur
1241 3153 1289 3200 “.

357 3251 439 3292 96.
517 3237 726 3301 Quibus
780 3237 1088 3307 blanditiis]
1144 3238 1458 3306 Asyndeton

283 3326 370 3381 bei
400 3327 727 3395 Anfiihrung
755 3327 903 3381 eines
930 3327 1304 3382 erlauternden
1331 3327 1456 3380 Bei-

282 3415 458 3484 spiels.
512 3447 578 3454 —
638 3417 692 3471 C.
742 3417 1032 3486 Papirius]
1083 3434 1148 3470 zu
1195 3419 1225 3485 ξ
1261 3419 1348 3472 39.

283 3505 546 3573 influebat
594 3505 660 3557 in
707 3507 956 3575 auresJ,
961 3506 1114 3572 ,rand
1162 3505 1268 3559 den
1319 3448 1460 3573 We—g

471 3626 538 3633 -—
589 3594 980 3663 dissuasimus]
1019 3594 1182 3662 leyem
1218 3594 1456 3659 suadere,

281 3633 596 3736 dissuadere
658 3683 821 3738 heisst
885 3684 1020 3750 „fiir
1092 3684 1221 3736 oder
1291 3699 1460 3751 gegen

284 3772 441 3825 einen
479 3775 683 3841 Antrag
729 3724 1051 3840 εριθο11ειιι4ί,
1102 3789 1213 3826 was
1260 3770 1316 3824 in
1364 3773 1462 3826 der

285 3862 463 3916 contio
498 3862 729 3930 geschah
747 3903 760 3929 ,
812 3862 1064 3916 wahrend
1101 3862 1188 3915 die
1225 3861 1459 3916 Abstim-

285 3967 450 4019 mung
487 3950 653 4005 selbst
681 3951 1012 4020 (suffragia),
1050 3968 1103 4003 u.
1145 3967 1286 4003 zwar
1322 3951 1460 4004 ohne

285 4039 501 4092 weitere
539 4040 794 4108 Debatte‚
840 4039 896 4092 in
945 4040 1048 4093 den
1099 4039 1326 4093 comitia
1375 4056 1460 4092 er·

285 4127 465 4197 folgte.
505 4161 573 4168 -
612 4147 711 4182 nos
751 4170 762 4181 .
797 4170 808 4181 .
845 4169 856 4181 .
895 4129 956 4182 de
991 4130 1095 4198 me]
1133 4129 1246 4182 Der
1280 4145 1459 4197 sogen.

287 4216 577 4272 Pluralis
632 4217 992 4271 modestiae
1056 4218 1152 4272 der
1208 4221 1254 4272 1.
1310 4219 1459 4272 PerS.

287 4308 458 4361 neben
498 4307 618 4361 dem
657 4308 797 4376 Sing.
837 4308 1099 4376 begegnet
1133 4309 1316 4375 osters,
1356 4306 1459 4376 vgl.

1560 2259 1784 2314 heissen.
1816 2290 1883 2297 —-
1901 2258 2193 2327 popularis
2216 2298 2285 2309 ...
2302 2258 2527 2326 populi]
2553 2256 2739 2309 Durch

1560 2348 1747 2402 diesen
1785 2349 2041 2401 Kontrast
2080 2346 2176 2400 soll
2214 2346 2300 2399 die
2332 2345 2741 2399 vermeintliche

1563 2437 2066 2492 Volkstiimlichkeit
2145 2438 2239 2490 des
2312 2439 2540 2505 Antrags
2615 2453 2739 2490 ver-

1563 2529 1762 2596 spottet
1786 2527 2017 2580 werden.
2049 2558 2115 2565 —
2163 2525 2223 2590 Q.
2252 2525 2519 2595 Maximo]
2550 2543 2615 2579 zu
2646 2528 2676 2594 ξ
2703 2528 2739 2581 9

1563 2617 1839 2670 Paullum.
1882 2647 1948 2654 —
1996 2617 2077 2669 lex
2111 2616 2173 2669 de
2208 2615 2545 2684 sacerdotiis]
2585 2615 2635 2668 N
2638 2615 2741 2668 ach

1564 2706 1688 2759 dem
1724 2707 1959 2773 Antrage
1996 2705 2091 2758 des
2118 2704 2535 2758 Volkstribunen
2562 2703 2620 2758 C.
2650 2704 2743 2757 Li-

1565 2794 1737 2848 cinius
1755 2794 1977 2849 Crassus
1997 2794 2143 2862 (145)
2172 2793 2326 2847 sollte
2353 2793 2458 2847 den
2476 2792 2741 2847 Priester-

1565 2882 1827 2951 kollegien
1878 2882 1971 2935 das
2016 2881 2189 2934 Reeht
2234 2882 2331 2934 der
2375 2881 2740 2949 Selbstergiin-

1567 2987 1707 3040 zung
1754 2970 2064 3040 (cooptatio)
2118 2986 2435 3038 genommen
2488 2971 2598 3022 und
2653 2970 2743 3022 die

1565 3059 2048 3130 Erganzungswahl
2099 3059 2222 3112 dem
2272 3058 2440 3111 Volke
2493 3057 2575 3111 als
2620 3058 2740 3112 eine

1565 3149 2001 3218 Vergiinstigung
2025 3147 2399 3216 (beneficium)
2420 3147 2744 3216 iiber-tragen

1565 3239 1797 3292 werden.
1838 3271 1905 3278 —
1942 3237 2240 3306 videbatur]
2270 3235 2608 3305 unabhangig
2634 3252 2744 3289 von

1566 3328 1689 3381 dem
1740 3344 1835 3381 zur
1883 3328 2157 3396 griisseren
2203 3324 2747 3379 Nachdriicklichkeit

1567 3418 1662 3471 des
1726 3417 1955 3470 Ausruss
2028 3415 2486 3483 eingeschobenen
2547 3415 2743 3468 memi-

1565 3505 1749 3558 nistis.
1793 3537 1857 3544 —
1896 3504 2338 3572 transferebatur]
2368 3504 2527 3572 Impf.
2558 3504 2625 3556 de
2654 3520 2743 3557 co-

1567 3597 1713 3648 natu.
1767 3626 1833 3633 —
1884 3594 1951 3647 in
1995 3594 2179 3662 forum
2225 3593 2429 3661 versus]
2469 3592 2744 3646 Wahrend

1569 3683 1750 3737 bisher
1797 3684 1883 3737 die
1920 3682 2338 3737 Volkstribunen
2374 3698 2479 3735 von
2514 3681 2611 3735 der
2646 3682 2746 3734 mit

1569 3772 2064 3828 Schiffssehniibeln
2138 3770 2435 3824 verzierten
2503 3771 2745 3824 Redner-

1569 3862 1749 3915 biihne
1764 3863 1990 3930 (rostra)
2010 3860 2281 3914 rechtshin
2301 3861 2423 3913 dem
2442 3860 2744 3926 omilium,

1568 3953 1692 4005 dem
1738 3950 2140 4020 gew'ohnlichen
2188 3949 2285 4004 Ort
2330 3951 2422 4003 fiir
2457 3949 2745 4004 Volksver-

1569 4041 1963 4109 sammlungen,
2010 4040 2121 4093 und
2157 4041 2255 4093 der
2288 4039 2451 4092 curia
2486 4039 2744 4105 Hostilia,

1569 4131 1693 4182 dem
1766 4129 2125 4184 Senatslokale
2139 4170 2152 4196 ,
2239 4129 2583 4197 zugewendet
2653 4144 2745 4195 ge-

1570 4220 1832 4287 sproehen
1879 4219 2093 4285 hatten,
2146 4216 2365 4271 brachte
2403 4216 2625 4272 Crassus
2660 4216 2747 4268 die

1570 4308 1705 4363 Sitte
1744 4310 1865 4376 auf,
1916 4307 2053 4362 nach
2102 4308 2224 4360 dem
2272 4306 2412 4360 links
2454 4305 2747 4374 gelegenen
