<?xml version="1.0" encoding="UTF-8"?>
<!DOCTYPE html PUBLIC "-//W3C//DTD XHTML 1.0 Transitional//EN"
    "http://www.w3.org/TR/xhtml1/DTD/xhtml1-transitional.dtd">
<html xmlns="http://www.w3.org/1999/xhtml" xml:lang="en" lang="en">
 <head>
  <title>
</title>
<meta http-equiv="Content-Type" content="text/html;charset=utf-8" />
  <meta name='ocr-system' content='tesseract 3.04.00' />
  <meta name='ocr-capabilities' content='ocr_page ocr_carea ocr_par ocr_line ocrx_word'/>
</head>
<body>
  <div class='ocr_page' id='page_1' title='image "./mtulliciceronis00stregoog_0026.png"; bbox 0 0 3175 4825; ppageno 0'>
   <div class='ocr_carea' id='block_1_1' title="bbox 325 558 382 600">
    <p class='ocr_par' dir='ltr' id='par_1_1' title="bbox 325 558 382 600">
     <span class='ocr_line' id='line_1_1' title="bbox 325 558 382 600; baseline 0.018 -1"><span class='ocrx_word' id='word_1_1' title='bbox 325 558 382 600; x_wconf 78' lang='lat'>13</span> 
     </span>
    </p>
   </div>
   <div class='ocr_carea' id='block_1_2' title="bbox 407 318 2077 382">
    <p class='ocr_par' dir='ltr' id='par_1_2' title="bbox 407 318 2077 382">
     <span class='ocr_line' id='line_1_2' title="bbox 407 318 2077 382; baseline -0.002 0"><span class='ocrx_word' id='word_1_2' title='bbox 407 318 478 382; x_wconf 86' lang='lat'>18</span> <span class='ocrx_word' id='word_1_3' title='bbox 1187 323 1455 379; x_wconf 80' lang='lat' dir='ltr'>Ciceronis</span> <span class='ocrx_word' id='word_1_4' title='bbox 1493 324 1705 377; x_wconf 85' lang='lat' dir='ltr'>Laelius</span> <span class='ocrx_word' id='word_1_5' title='bbox 1742 325 1808 378; x_wconf 87' lang='lat' dir='ltr'>de</span> <span class='ocrx_word' id='word_1_6' title='bbox 1845 323 2077 379; x_wconf 86' lang='lat' dir='ltr'>amicitia</span> 
     </span>
    </p>
   </div>
   <div class='ocr_carea' id='block_1_3' title="bbox 330 485 2879 1745">
    <p class='ocr_par' dir='ltr' id='par_1_3' title="bbox 330 485 2879 1745">
     <span class='ocr_line' id='line_1_3' title="bbox 584 485 2871 570; baseline 0.001 -21"><span class='ocrx_word' id='word_1_7' title='bbox 584 485 808 567; x_wconf 83' lang='lat' dir='ltr'>Neque</span> <span class='ocrx_word' id='word_1_8' title='bbox 856 485 1027 551; x_wconf 89' lang='lat' dir='ltr'>enim</span> <span class='ocrx_word' id='word_1_9' title='bbox 1075 486 1396 551; x_wconf 88' lang='lat' dir='ltr'>adsentior</span> <span class='ocrx_word' id='word_1_10' title='bbox 1441 486 1537 563; x_wconf 88' lang='lat' dir='ltr'>iis,</span> <span class='ocrx_word' id='word_1_11' title='bbox 1587 487 1695 568; x_wconf 89' lang='lat' dir='ltr'>qui</span> <span class='ocrx_word' id='word_1_12' title='bbox 1741 487 1899 551; x_wconf 84' lang='lat' dir='ltr'>haec</span> <span class='ocrx_word' id='word_1_13' title='bbox 1928 505 2132 570; x_wconf 84' lang='lat' dir='ltr'>nuper</span> <span class='ocrx_word' id='word_1_14' title='bbox 2163 486 2470 552; x_wconf 84' lang='lat' dir='ltr'>disserere</span> <span class='ocrx_word' id='word_1_15' title='bbox 2502 490 2871 570; x_wconf 88' lang='lat' dir='ltr'>coeperunt,</span> 
     </span>
     <span class='ocr_line' id='line_1_4' title="bbox 407 592 2865 675; baseline 0.001 -18"><span class='ocrx_word' id='word_1_16' title='bbox 407 611 556 657; x_wconf 90' lang='lat' dir='ltr'>cum</span> <span class='ocrx_word' id='word_1_17' title='bbox 601 592 970 675; x_wconf 75' lang='lat' dir='ltr'>corporibus</span> <span class='ocrx_word' id='word_1_18' title='bbox 1018 593 1212 656; x_wconf 89' lang='lat' dir='ltr'>simul</span> <span class='ocrx_word' id='word_1_19' title='bbox 1260 594 1502 657; x_wconf 87' lang='lat' dir='ltr'>animos</span> <span class='ocrx_word' id='word_1_20' title='bbox 1548 593 1809 658; x_wconf 87' lang='lat' dir='ltr'>interire</span> <span class='ocrx_word' id='word_1_21' title='bbox 1857 596 2049 675; x_wconf 88' lang='lat' dir='ltr'>atque</span> <span class='ocrx_word' id='word_1_22' title='bbox 2108 594 2319 658; x_wconf 87' lang='lat' dir='ltr'>omnia</span> <span class='ocrx_word' id='word_1_23' title='bbox 2372 596 2577 659; x_wconf 88' lang='lat' dir='ltr'>morte</span> <span class='ocrx_word' id='word_1_24' title='bbox 2634 595 2865 659; x_wconf 87' lang='lat' dir='ltr'>deleri:</span> 
     </span>
     <span class='ocr_line' id='line_1_5' title="bbox 409 699 2869 782; baseline 0.001 -19"><span class='ocrx_word' id='word_1_25' title='bbox 409 700 554 782; x_wconf 90' lang='lat' dir='ltr'>plus</span> <span class='ocrx_word' id='word_1_26' title='bbox 599 699 767 782; x_wconf 85' lang='lat' dir='ltr'>apud</span> <span class='ocrx_word' id='word_1_27' title='bbox 816 718 918 764; x_wconf 88' lang='lat' dir='ltr'>me</span> <span class='ocrx_word' id='word_1_28' title='bbox 951 700 1359 782; x_wconf 87' lang='lat' dir='ltr'>antiquorum</span> <span class='ocrx_word' id='word_1_29' title='bbox 1393 700 1741 764; x_wconf 89' lang='lat' dir='ltr'>auctoritas</span> <span class='ocrx_word' id='word_1_30' title='bbox 1773 701 1961 778; x_wconf 85' lang='lat' dir='ltr'>valet,</span> <span class='ocrx_word' id='word_1_31' title='bbox 2008 701 2109 764; x_wconf 79' lang='lat' dir='ltr'>vel</span> <span class='ocrx_word' id='word_1_32' title='bbox 2138 703 2502 765; x_wconf 89' lang='lat' dir='ltr'>nostrorum</span> <span class='ocrx_word' id='word_1_33' title='bbox 2535 701 2869 779; x_wconf 88' lang='lat' dir='ltr'>maiorum,</span> 
     </span>
     <span class='ocr_line' id='line_1_6' title="bbox 409 806 2871 891; baseline 0.001 -21"><span class='ocrx_word' id='word_1_34' title='bbox 409 807 520 888; x_wconf 91' lang='lat' dir='ltr'>qui</span> <span class='ocrx_word' id='word_1_35' title='bbox 563 806 835 871; x_wconf 75' lang='lat' dir='ltr'>mortuis</span> <span class='ocrx_word' id='word_1_36' title='bbox 883 808 1019 869; x_wconf 90' lang='lat' dir='ltr'>tam</span> <span class='ocrx_word' id='word_1_37' title='bbox 1066 806 1360 888; x_wconf 86' lang='lat' dir='ltr'>religiosa</span> <span class='ocrx_word' id='word_1_38' title='bbox 1397 808 1538 870; x_wconf 88' lang='lat' dir='ltr'>iura</span> <span class='ocrx_word' id='word_1_39' title='bbox 1576 806 1956 883; x_wconf 89' lang='lat' dir='ltr'>tribuerunt,</span> <span class='ocrx_word' id='word_1_40' title='bbox 2004 806 2167 888; x_wconf 89' lang='lat' dir='ltr'>quod</span> <span class='ocrx_word' id='word_1_41' title='bbox 2202 826 2328 871; x_wconf 90' lang='lat' dir='ltr'>non</span> <span class='ocrx_word' id='word_1_42' title='bbox 2360 806 2679 885; x_wconf 80' lang='lat' dir='ltr'>fecissent,</span> <span class='ocrx_word' id='word_1_43' title='bbox 2722 828 2871 891; x_wconf 89' lang='lat' dir='ltr'>pro-</span> 
     </span>
     <span class='ocr_line' id='line_1_7' title="bbox 408 912 2869 998; baseline 0.001 -22"><span class='ocrx_word' id='word_1_44' title='bbox 408 912 602 991; x_wconf 89' lang='lat' dir='ltr'>fect0,</span> <span class='ocrx_word' id='word_1_45' title='bbox 661 913 716 977; x_wconf 91' lang='lat' dir='ltr'>si</span> <span class='ocrx_word' id='word_1_46' title='bbox 776 913 935 978; x_wconf 86' lang='lat' dir='ltr'>nihil</span> <span class='ocrx_word' id='word_1_47' title='bbox 981 913 1060 977; x_wconf 91' lang='lat' dir='ltr'>ad</span> <span class='ocrx_word' id='word_1_48' title='bbox 1109 932 1216 977; x_wconf 90' lang='lat' dir='ltr'>eos</span> <span class='ocrx_word' id='word_1_49' title='bbox 1261 913 1579 996; x_wconf 89' lang='lat' dir='ltr'>pertinere</span> <span class='ocrx_word' id='word_1_50' title='bbox 1629 913 2119 990; x_wconf 79' lang='lat' dir='ltr'>arbitrarentur,</span> <span class='ocrx_word' id='word_1_51' title='bbox 2180 914 2280 978; x_wconf 87' lang='lat' dir='ltr'>vel</span> <span class='ocrx_word' id='word_1_52' title='bbox 2326 932 2573 991; x_wconf 91' lang='lat' dir='ltr'>eorum,</span> <span class='ocrx_word' id='word_1_53' title='bbox 2636 916 2745 998; x_wconf 92' lang='lat' dir='ltr'>qui</span> <span class='ocrx_word' id='word_1_54' title='bbox 2799 916 2869 978; x_wconf 88' lang='lat' dir='ltr'>in</span> 
     </span>
     <span class='ocr_line' id='line_1_8' title="bbox 408 1019 2869 1103; baseline 0.001 -20"><span class='ocrx_word' id='word_1_55' title='bbox 408 1021 531 1084; x_wconf 89' lang='lat' dir='ltr'>hac</span> <span class='ocrx_word' id='word_1_56' title='bbox 577 1022 751 1084; x_wconf 89' lang='lat' dir='ltr'>terra</span> <span class='ocrx_word' id='word_1_57' title='bbox 784 1019 1042 1084; x_wconf 88' lang='lat' dir='ltr'>fuerunt</span> <span class='ocrx_word' id='word_1_58' title='bbox 1072 1038 1499 1102; x_wconf 86' lang='lat' dir='ltr'>magnamque</span> <span class='ocrx_word' id='word_1_59' title='bbox 1534 1020 1888 1097; x_wconf 83' lang='lat' dir='ltr'>Graeciam,</span> <span class='ocrx_word' id='word_1_60' title='bbox 1936 1039 2097 1102; x_wconf 89' lang='lat' dir='ltr'>quae</span> <span class='ocrx_word' id='word_1_61' title='bbox 2144 1040 2316 1085; x_wconf 89' lang='lat' dir='ltr'>nunc</span> <span class='ocrx_word' id='word_1_62' title='bbox 2353 1021 2611 1103; x_wconf 86' lang='lat' dir='ltr'>quidem</span> <span class='ocrx_word' id='word_1_63' title='bbox 2658 1021 2869 1086; x_wconf 89' lang='lat' dir='ltr'>deleta</span> 
     </span>
     <span class='ocr_line' id='line_1_9' title="bbox 411 1126 2869 1210; baseline 0.002 -21"><span class='ocrx_word' id='word_1_64' title='bbox 411 1128 527 1203; x_wconf 88' lang='lat' dir='ltr'>est,</span> <span class='ocrx_word' id='word_1_65' title='bbox 576 1128 718 1189; x_wconf 88' lang='lat' dir='ltr'>tum</span> <span class='ocrx_word' id='word_1_66' title='bbox 762 1126 1048 1203; x_wconf 89' lang='lat' dir='ltr'>florebat,</span> <span class='ocrx_word' id='word_1_67' title='bbox 1093 1127 1408 1191; x_wconf 87' lang='lat' dir='ltr'>institutis</span> <span class='ocrx_word' id='word_1_68' title='bbox 1456 1129 1522 1191; x_wconf 90' lang='lat' dir='ltr'>et</span> <span class='ocrx_word' id='word_1_69' title='bbox 1565 1127 1922 1210; x_wconf 86' lang='lat' dir='ltr'>praeceptis</span> <span class='ocrx_word' id='word_1_70' title='bbox 1965 1128 2096 1192; x_wconf 86' lang='lat' dir='ltr'>suis</span> <span class='ocrx_word' id='word_1_71' title='bbox 2130 1128 2518 1204; x_wconf 89' lang='lat' dir='ltr'>erudierunt,</span> <span class='ocrx_word' id='word_1_72' title='bbox 2566 1129 2666 1193; x_wconf 88' lang='lat' dir='ltr'>vel</span> <span class='ocrx_word' id='word_1_73' title='bbox 2712 1129 2869 1206; x_wconf 80' lang='lat' dir='ltr'>eiuS,</span> 
     </span>
     <span class='ocr_line' id='line_1_10' title="bbox 411 1232 2869 1316; baseline 0.002 -20"><span class='ocrx_word' id='word_1_74' title='bbox 411 1233 523 1315; x_wconf 89' lang='lat' dir='ltr'>qui</span> <span class='ocrx_word' id='word_1_75' title='bbox 567 1232 877 1315; x_wconf 87' lang='lat' dir='ltr'>Apollinis</span> <span class='ocrx_word' id='word_1_76' title='bbox 926 1234 1179 1298; x_wconf 79' lang='lat' dir='ltr'>oraculo</span> <span class='ocrx_word' id='word_1_77' title='bbox 1238 1234 1748 1316; x_wconf 86' lang='lat' dir='ltr'>sapientissimus</span> <span class='ocrx_word' id='word_1_78' title='bbox 1809 1238 1909 1299; x_wconf 88' lang='lat' dir='ltr'>est</span> <span class='ocrx_word' id='word_1_79' title='bbox 1965 1233 2313 1310; x_wconf 86' lang='lat' dir='ltr'>iudicatus,</span> <span class='ocrx_word' id='word_1_80' title='bbox 2375 1236 2485 1315; x_wconf 91' lang='lat' dir='ltr'>qui</span> <span class='ocrx_word' id='word_1_81' title='bbox 2544 1255 2670 1300; x_wconf 91' lang='lat' dir='ltr'>non</span> <span class='ocrx_word' id='word_1_82' title='bbox 2724 1239 2869 1300; x_wconf 91' lang='lat' dir='ltr'>tum</span> 
     </span>
     <span class='ocr_line' id='line_1_11' title="bbox 411 1340 2871 1425; baseline 0.002 -22"><span class='ocrx_word' id='word_1_83' title='bbox 411 1340 528 1404; x_wconf 92' lang='lat' dir='ltr'>hoc</span> <span class='ocrx_word' id='word_1_84' title='bbox 588 1342 727 1403; x_wconf 88' lang='lat' dir='ltr'>tum</span> <span class='ocrx_word' id='word_1_85' title='bbox 775 1340 961 1417; x_wconf 90' lang='lat' dir='ltr'>illud,</span> <span class='ocrx_word' id='word_1_86' title='bbox 1021 1341 1117 1404; x_wconf 88' lang='lat' dir='ltr'>uti</span> <span class='ocrx_word' id='word_1_87' title='bbox 1164 1341 1474 1423; x_wconf 89' lang='lat' dir='ltr'>plerique,</span> <span class='ocrx_word' id='word_1_88' title='bbox 1535 1341 1647 1405; x_wconf 88' lang='lat' dir='ltr'>sed</span> <span class='ocrx_word' id='word_1_89' title='bbox 1692 1341 1861 1405; x_wconf 89' lang='lat' dir='ltr'>idem</span> <span class='ocrx_word' id='word_1_90' title='bbox 1909 1360 2185 1425; x_wconf 90' lang='lat' dir='ltr'>semper,</span> <span class='ocrx_word' id='word_1_91' title='bbox 2246 1342 2489 1405; x_wconf 84' lang='lat' dir='ltr'>animos</span> <span class='ocrx_word' id='word_1_92' title='bbox 2535 1342 2871 1407; x_wconf 90' lang='lat' dir='ltr'>hominum</span> 
     </span>
     <span class='ocr_line' id='line_1_12' title="bbox 412 1445 2875 1531; baseline 0.001 -21"><span class='ocrx_word' id='word_1_93' title='bbox 412 1464 551 1511; x_wconf 89' lang='lat' dir='ltr'>esse</span> <span class='ocrx_word' id='word_1_94' title='bbox 600 1445 846 1511; x_wconf 88' lang='lat' dir='ltr'>divinos</span> <span class='ocrx_word' id='word_1_95' title='bbox 893 1447 1125 1530; x_wconf 87' lang='lat' dir='ltr'>iisque,</span> <span class='ocrx_word' id='word_1_96' title='bbox 1184 1466 1330 1512; x_wconf 91' lang='lat' dir='ltr'>cum</span> <span class='ocrx_word' id='word_1_97' title='bbox 1379 1467 1454 1513; x_wconf 86' lang='lat' dir='ltr'>ex</span> <span class='ocrx_word' id='word_1_98' title='bbox 1500 1466 1755 1531; x_wconf 87' lang='lat' dir='ltr'>corpore</span> <span class='ocrx_word' id='word_1_99' title='bbox 1804 1448 2247 1525; x_wconf 82' lang='lat' dir='ltr'>excessissent,</span> <span class='ocrx_word' id='word_1_100' title='bbox 2292 1447 2569 1512; x_wconf 88' lang='lat' dir='ltr'>reditum</span> <span class='ocrx_word' id='word_1_101' title='bbox 2615 1448 2681 1512; x_wconf 91' lang='lat' dir='ltr'>in</span> <span class='ocrx_word' id='word_1_102' title='bbox 2728 1467 2875 1513; x_wconf 85' lang='lat' dir='ltr'>cae-</span> 
     </span>
     <span class='ocr_line' id='line_1_13' title="bbox 330 1554 2879 1638; baseline 0.002 -24"><span class='ocrx_word' id='word_1_103' title='bbox 330 1554 545 1617; x_wconf 77' lang='lat' dir='ltr'>ulum</span> <span class='ocrx_word' id='word_1_104' title='bbox 588 1554 826 1635; x_wconf 88' lang='lat' dir='ltr'>patere,</span> <span class='ocrx_word' id='word_1_105' title='bbox 873 1554 1238 1637; x_wconf 89' lang='lat' dir='ltr'>optimoque</span> <span class='ocrx_word' id='word_1_106' title='bbox 1287 1557 1351 1618; x_wconf 90' lang='lat' dir='ltr'>et</span> <span class='ocrx_word' id='word_1_107' title='bbox 1395 1555 1746 1620; x_wconf 90' lang='lat' dir='ltr'>iustissimo</span> <span class='ocrx_word' id='word_1_108' title='bbox 1779 1555 2006 1637; x_wconf 89' lang='lat' dir='ltr'>cuique</span> <span class='ocrx_word' id='word_1_109' title='bbox 2040 1554 2617 1638; x_wconf 85' lang='lat' dir='ltr'>expeditissimum.</span> <span class='ocrx_word' id='word_1_110' title='bbox 2691 1554 2879 1634; x_wconf 87' lang='lat' dir='ltr'>Quod</span> 
     </span>
     <span class='ocr_line' id='line_1_14' title="bbox 407 1658 2878 1745; baseline 0.002 -23"><span class='ocrx_word' id='word_1_111' title='bbox 407 1659 579 1724; x_wconf 86' lang='lat' dir='ltr'>idem</span> <span class='ocrx_word' id='word_1_112' title='bbox 627 1658 902 1743; x_wconf 87' lang='lat' dir='ltr'>Scipioni</span> <span class='ocrx_word' id='word_1_113' title='bbox 950 1661 1298 1738; x_wconf 83' lang='lat' dir='ltr'>videbatur,</span> <span class='ocrx_word' id='word_1_114' title='bbox 1345 1662 1455 1743; x_wconf 90' lang='lat' dir='ltr'>qui</span> <span class='ocrx_word' id='word_1_115' title='bbox 1502 1661 1789 1743; x_wconf 87' lang='lat' dir='ltr'>quidem,</span> <span class='ocrx_word' id='word_1_116' title='bbox 1837 1662 2019 1745; x_wconf 90' lang='lat' dir='ltr'>quasi</span> <span class='ocrx_word' id='word_1_117' title='bbox 2068 1662 2495 1744; x_wconf 82' lang='lat' dir='ltr'>praesagiret,</span> <span class='ocrx_word' id='word_1_118' title='bbox 2540 1663 2878 1745; x_wconf 84' lang='lat' dir='ltr'>perpaucis</span> 
     </span>
    </p>
   </div>
   <div class='ocr_carea' id='block_1_4' title="bbox 414 1832 842 1840">
    <p class='ocr_par' dir='ltr' id='par_1_4' title="bbox 414 1832 842 1840">
     <span class='ocr_line' id='line_1_15' title="bbox 414 1832 842 1840; baseline 0 0"><span class='ocrx_word' id='word_1_119' title='bbox 414 1832 842 1840; x_wconf 95' lang='lat' dir='ltr'> </span> 
     </span>
    </p>
   </div>
   <div class='ocr_carea' id='block_1_5' title="bbox 481 1943 1586 2013">
    <p class='ocr_par' dir='ltr' id='par_1_5' title="bbox 481 1943 1586 2013">
     <span class='ocr_line' id='line_1_16' title="bbox 481 1943 1586 2013; baseline -0.001 -15"><span class='ocrx_word' id='word_1_120' title='bbox 481 1944 635 2013; x_wconf 70' lang='lat' dir='ltr'>Knp.</span> <span class='ocrx_word' id='word_1_121' title='bbox 665 1947 723 2002; x_wconf 79' lang='lat'>4.</span> <span class='ocrx_word' id='word_1_122' title='bbox 763 1958 856 1999; x_wconf 80' lang='lat'>·13.</span> <span class='ocrx_word' id='word_1_123' title='bbox 887 1943 984 2012; x_wconf 82' lang='lat' dir='ltr'>iis]</span> <span class='ocrx_word' id='word_1_124' title='bbox 1014 1944 1118 1997; x_wconf 88' lang='lat' dir='ltr'>den</span> <span class='ocrx_word' id='word_1_125' title='bbox 1149 1944 1586 2012; x_wconf 84' lang='lat' dir='ltr'>Epikureern,</span> 
     </span>
    </p>
   </div>
   <div class='ocr_carea' id='block_1_6' title="bbox 1698 1943 2879 2012">
    <p class='ocr_par' dir='ltr' id='par_1_6' title="bbox 1698 1943 2879 2012">
     <span class='ocr_line' id='line_1_17' title="bbox 1698 1943 2879 2012; baseline -0.001 -15"><span class='ocrx_word' id='word_1_126' title='bbox 1698 1944 1813 1997; x_wconf 86' lang='lat' dir='ltr'>ihre</span> <span class='ocrx_word' id='word_1_127' title='bbox 1862 1944 2326 2012; x_wconf 89' lang='lat' dir='ltr'>philosophischen</span> <span class='ocrx_word' id='word_1_128' title='bbox 2375 1944 2591 1997; x_wconf 89' lang='lat' dir='ltr'>Lehren</span> <span class='ocrx_word' id='word_1_129' title='bbox 2640 1943 2879 1998; x_wconf 85' lang='lat' dir='ltr'>verbrei-</span> 
     </span>
    </p>
   </div>
   <div class='ocr_carea' id='block_1_7' title="bbox 413 2032 2884 2104">
    <p class='ocr_par' dir='ltr' id='par_1_7' title="bbox 413 2032 2884 2104">
     <span class='ocr_line' id='line_1_18' title="bbox 413 2032 2884 2104; baseline -0.001 -17"><span class='ocrx_word' id='word_1_130' title='bbox 413 2034 563 2088; x_wconf 88' lang='lat' dir='ltr'>einer</span> <span class='ocrx_word' id='word_1_131' title='bbox 597 2033 735 2087; x_wconf 85' lang='lat' dir='ltr'>nach</span> <span class='ocrx_word' id='word_1_132' title='bbox 773 2033 988 2102; x_wconf 85' lang='lat' dir='ltr'>Epikur,</span> <span class='ocrx_word' id='word_1_133' title='bbox 1041 2032 1213 2087; x_wconf 90' lang='lat' dir='ltr'>ihrem</span> <span class='ocrx_word' id='word_1_134' title='bbox 1249 2034 1438 2088; x_wconf 81' lang='lat' dir='ltr'>Stifter</span> <span class='ocrx_word' id='word_1_135' title='bbox 1475 2037 1588 2104; x_wconf 92' lang='lat' dir='ltr'>(um</span> <span class='ocrx_word' id='word_1_136' title='bbox 1698 2036 1845 2087; x_wconf 84' lang='lat' dir='ltr'>teten</span> <span class='ocrx_word' id='word_1_137' title='bbox 1874 2033 2077 2102; x_wconf 86' lang='lat' dir='ltr'>(merke</span> <span class='ocrx_word' id='word_1_138' title='bbox 2107 2034 2197 2085; x_wconf 82' lang='lat' dir='ltr'>fiir</span> <span class='ocrx_word' id='word_1_139' title='bbox 2223 2033 2370 2086; x_wconf 86' lang='lat' dir='ltr'>diese</span> <span class='ocrx_word' id='word_1_140' title='bbox 2398 2032 2563 2087; x_wconf 83' lang='lat' dir='ltr'>Stelle</span> <span class='ocrx_word' id='word_1_141' title='bbox 2592 2033 2884 2086; x_wconf 83' lang='lat' dir='ltr'>besonders&#39;</span> 
     </span>
    </p>
   </div>
   <div class='ocr_carea' id='block_1_8' title="bbox 411 2122 1589 2191">
    <p class='ocr_par' dir='ltr' id='par_1_8' title="bbox 411 2122 1589 2191">
     <span class='ocr_line' id='line_1_19' title="bbox 411 2122 1589 2191; baseline -0.003 -12"><span class='ocrx_word' id='word_1_142' title='bbox 411 2124 521 2179; x_wconf 82' lang='grc'>300</span> <span class='ocrx_word' id='word_1_143' title='bbox 555 2139 606 2175; x_wconf 78' lang='lat' dir='ltr'>V.</span> <span class='ocrx_word' id='word_1_144' title='bbox 647 2122 819 2190; x_wconf 64' lang='lat' dir='ltr'>obn),</span> <span class='ocrx_word' id='word_1_145' title='bbox 866 2123 1172 2176; x_wconf 87' lang='lat' dir='ltr'>benannten</span> <span class='ocrx_word' id='word_1_146' title='bbox 1208 2123 1589 2191; x_wconf 84' lang='lat' dir='ltr'>Philosophen-</span> 
     </span>
    </p>
   </div>
   <div class='ocr_carea' id='block_1_9' title="bbox 1697 2121 2879 2190">
    <p class='ocr_par' dir='ltr' id='par_1_9' title="bbox 1697 2121 2879 2190">
     <span class='ocr_line' id='line_1_20' title="bbox 1697 2121 2879 2190; baseline -0.001 -16"><span class='ocrx_word' id='word_1_147' title='bbox 1697 2122 1783 2176; x_wconf 88' lang='lat' dir='ltr'>die</span> <span class='ocrx_word' id='word_1_148' title='bbox 1820 2123 1995 2177; x_wconf 87' lang='lat' dir='ltr'>Lehre</span> <span class='ocrx_word' id='word_1_149' title='bbox 2045 2139 2150 2175; x_wconf 88' lang='lat' dir='ltr'>von</span> <span class='ocrx_word' id='word_1_150' title='bbox 2198 2122 2297 2175; x_wconf 89' lang='lat' dir='ltr'>der</span> <span class='ocrx_word' id='word_1_151' title='bbox 2345 2121 2879 2190; x_wconf 85' lang='lat' dir='ltr'>Seelenwanderung‚</span> 
     </span>
    </p>
   </div>
   <div class='ocr_carea' id='block_1_10' title="bbox 414 2210 2883 2286">
    <p class='ocr_par' dir='ltr' id='par_1_10' title="bbox 414 2210 2883 2286">
     <span class='ocr_line' id='line_1_21' title="bbox 414 2210 2883 2286; baseline -0.001 -21"><span class='ocrx_word' id='word_1_152' title='bbox 414 2211 630 2278; x_wconf 86' lang='lat' dir='ltr'>schule,</span> <span class='ocrx_word' id='word_1_153' title='bbox 685 2212 852 2266; x_wconf 87' lang='lat' dir='ltr'>deren</span> <span class='ocrx_word' id='word_1_154' title='bbox 909 2211 1367 2265; x_wconf 83' lang='lat' dir='ltr'>materialistische</span> <span class='ocrx_word' id='word_1_155' title='bbox 1416 2213 1589 2267; x_wconf 89' lang='lat' dir='ltr'>Lehre</span> <span class='ocrx_word' id='word_1_156' title='bbox 1700 2212 2181 2286; x_wconf 76' lang='grc' dir='ltr'>μετεμψύχωσις),</span> <span class='ocrx_word' id='word_1_157' title='bbox 2246 2211 2475 2264; x_wconf 86' lang='lat' dir='ltr'>sondern</span> <span class='ocrx_word' id='word_1_158' title='bbox 2529 2210 2667 2264; x_wconf 88' lang='lat' dir='ltr'>auch</span> <span class='ocrx_word' id='word_1_159' title='bbox 2722 2210 2883 2264; x_wconf 89' lang='lat' dir='ltr'>einen</span> 
     </span>
    </p>
   </div>
   <div class='ocr_carea' id='block_1_11' title="bbox 415 2300 1611 4417">
    <p class='ocr_par' dir='ltr' id='par_1_11' title="bbox 415 2300 1611 4417">
     <span class='ocr_line' id='line_1_22' title="bbox 419 2300 1596 2355; baseline 0 0"><span class='ocrx_word' id='word_1_160' title='bbox 419 2301 555 2355; x_wconf 86' lang='lat' dir='ltr'>eben</span> <span class='ocrx_word' id='word_1_161' title='bbox 591 2303 702 2355; x_wconf 89' lang='lat' dir='ltr'>erst</span> <span class='ocrx_word' id='word_1_162' title='bbox 736 2300 794 2353; x_wconf 91' lang='lat' dir='ltr'>in</span> <span class='ocrx_word' id='word_1_163' title='bbox 831 2301 965 2353; x_wconf 89' lang='lat' dir='ltr'>Rom</span> <span class='ocrx_word' id='word_1_164' title='bbox 1003 2301 1133 2355; x_wconf 83' lang='lat' dir='ltr'>Fuss</span> <span class='ocrx_word' id='word_1_165' title='bbox 1181 2319 1249 2354; x_wconf 91' lang='lat' dir='ltr'>zu</span> <span class='ocrx_word' id='word_1_166' title='bbox 1284 2302 1466 2355; x_wconf 82' lang='lat' dir='ltr'>fassen</span> <span class='ocrx_word' id='word_1_167' title='bbox 1502 2302 1596 2355; x_wconf 90' lang='lat' dir='ltr'>be-</span> 
     </span>
     <span class='ocr_line' id='line_1_23' title="bbox 415 2389 1597 2460; baseline 0.001 -17"><span class='ocrx_word' id='word_1_168' title='bbox 415 2405 628 2458; x_wconf 84' lang='lat' dir='ltr'>gonnen</span> <span class='ocrx_word' id='word_1_169' title='bbox 656 2389 820 2444; x_wconf 85' lang='lat' dir='ltr'>hatte.</span> <span class='ocrx_word' id='word_1_170' title='bbox 851 2423 918 2429; x_wconf 91' lang='lat'>—-</span> <span class='ocrx_word' id='word_1_171' title='bbox 944 2390 1072 2444; x_wconf 77' lang='lat' dir='ltr'>haee</span> <span class='ocrx_word' id='word_1_172' title='bbox 1099 2390 1374 2460; x_wconf 77' lang='lat' dir='ltr'>disserere]</span> <span class='ocrx_word' id='word_1_173' title='bbox 1407 2432 1438 2459; x_wconf 88' lang='lat'>„</span> <span class='ocrx_word' id='word_1_174' title='bbox 1452 2390 1597 2445; x_wconf 87' lang='lat' dir='ltr'>diese</span> 
     </span>
     <span class='ocr_line' id='line_1_24' title="bbox 423 2479 1598 2549; baseline 0 -16"><span class='ocrx_word' id='word_1_175' title='bbox 423 2479 694 2533; x_wconf 87' lang='lat' dir='ltr'>Lehren</span> <span class='ocrx_word' id='word_1_176' title='bbox 733 2519 745 2530; x_wconf 90' lang='lat'><strong>.</strong></span> <span class='ocrx_word' id='word_1_177' title='bbox 778 2520 789 2532; x_wconf 93' lang='lat'>.</span> <span class='ocrx_word' id='word_1_178' title='bbox 820 2481 885 2533; x_wconf 82' lang='grc'>.“.</span> <span class='ocrx_word' id='word_1_179' title='bbox 939 2512 1006 2518; x_wconf 93' lang='grc'><strong>-</strong></span> <span class='ocrx_word' id='word_1_180' title='bbox 1057 2479 1375 2549; x_wconf 74' lang='lat' dir='ltr'>auctoritas]</span> <span class='ocrx_word' id='word_1_181' title='bbox 1426 2481 1598 2547; x_wconf 85' lang='lat' dir='ltr'>„Vor-</span> 
     </span>
     <span class='ocr_line' id='line_1_25' title="bbox 420 2568 1599 2637; baseline 0 -15"><span class='ocrx_word' id='word_1_182' title='bbox 420 2585 585 2637; x_wconf 83' lang='lat' dir='ltr'>gang,</span> <span class='ocrx_word' id='word_1_183' title='bbox 636 2568 929 2637; x_wconf 79' lang='lat' dir='ltr'>Beispiel“.</span> <span class='ocrx_word' id='word_1_184' title='bbox 982 2600 1050 2609; x_wconf 89' lang='lat'><em>-</em></span> <span class='ocrx_word' id='word_1_185' title='bbox 1099 2569 1179 2622; x_wconf 84' lang='lat' dir='ltr'>vel</span> <span class='ocrx_word' id='word_1_186' title='bbox 1211 2574 1439 2623; x_wconf 74' lang='lat' dir='ltr'>nostr-or.</span> <span class='ocrx_word' id='word_1_187' title='bbox 1477 2587 1599 2622; x_wconf 84' lang='lat' dir='ltr'>ma-</span> 
     </span>
     <span class='ocr_line' id='line_1_26' title="bbox 421 2657 1597 2728; baseline 0 -16"><span class='ocrx_word' id='word_1_188' title='bbox 421 2657 606 2712; x_wconf 75' lang='lat' dir='ltr'>iorum</span> <span class='ocrx_word' id='word_1_189' title='bbox 807 2659 888 2710; x_wconf 80' lang='lat' dir='ltr'>vel</span> <span class='ocrx_word' id='word_1_190' title='bbox 933 2675 1122 2711; x_wconf 84' lang='lat' dir='ltr'>eorum</span> <span class='ocrx_word' id='word_1_191' title='bbox 1328 2659 1408 2711; x_wconf 78' lang='lat' dir='ltr'>vel</span> <span class='ocrx_word' id='word_1_192' title='bbox 1457 2657 1597 2728; x_wconf 80' lang='lat' dir='ltr'>eius]</span> 
     </span>
     <span class='ocr_line' id='line_1_27' title="bbox 423 2745 1603 2815; baseline -0.002 -15"><span class='ocrx_word' id='word_1_193' title='bbox 423 2745 752 2814; x_wconf 85' lang='lat' dir='ltr'>Apposition.</span> <span class='ocrx_word' id='word_1_194' title='bbox 843 2751 1155 2799; x_wconf 81' lang='lat' dir='ltr'>nostrorum</span> <span class='ocrx_word' id='word_1_195' title='bbox 1217 2746 1603 2815; x_wconf 80' lang='lat' dir='ltr'>vorangestellt</span> 
     </span>
     <span class='ocr_line' id='line_1_28' title="bbox 423 2835 1600 2904; baseline 0 -16"><span class='ocrx_word' id='word_1_196' title='bbox 423 2851 606 2904; x_wconf 84' lang='lat' dir='ltr'>wegen</span> <span class='ocrx_word' id='word_1_197' title='bbox 646 2836 740 2889; x_wconf 89' lang='lat' dir='ltr'>des</span> <span class='ocrx_word' id='word_1_198' title='bbox 779 2835 1132 2903; x_wconf 87' lang='lat' dir='ltr'>Gegensatzes</span> <span class='ocrx_word' id='word_1_199' title='bbox 1170 2852 1237 2888; x_wconf 88' lang='lat' dir='ltr'>zu</span> <span class='ocrx_word' id='word_1_200' title='bbox 1273 2836 1378 2888; x_wconf 89' lang='lat' dir='ltr'>den</span> <span class='ocrx_word' id='word_1_201' title='bbox 1414 2835 1600 2890; x_wconf 85' lang='lat' dir='ltr'>Frem-</span> 
     </span>
     <span class='ocr_line' id='line_1_29' title="bbox 423 2921 1603 2993; baseline 0.001 -17"><span class='ocrx_word' id='word_1_202' title='bbox 423 2924 544 2977; x_wconf 84' lang='lat' dir='ltr'>den.</span> <span class='ocrx_word' id='word_1_203' title='bbox 597 2956 664 2963; x_wconf 91' lang='lat'>-—</span> <span class='ocrx_word' id='word_1_204' title='bbox 715 2929 831 2978; x_wconf 76' lang='lat' dir='ltr'>toan</span> <span class='ocrx_word' id='word_1_205' title='bbox 877 2923 1138 2993; x_wconf 77' lang='lat' dir='ltr'>reliyiosa</span> <span class='ocrx_word' id='word_1_206' title='bbox 1173 2923 1325 2993; x_wconf 82' lang='lat' dir='ltr'>iura]</span> <span class='ocrx_word' id='word_1_207' title='bbox 1364 2921 1465 2979; x_wconf 88' lang='lat' dir='ltr'>Die</span> <span class='ocrx_word' id='word_1_208' title='bbox 1502 2923 1603 2977; x_wconf 86' lang='lat' dir='ltr'>mit</span> 
     </span>
     <span class='ocr_line' id='line_1_30' title="bbox 423 3012 1600 3082; baseline -0.002 -14"><span class='ocrx_word' id='word_1_209' title='bbox 423 3013 718 3082; x_wconf 84' lang='lat' dir='ltr'>peinlicher</span> <span class='ocrx_word' id='word_1_210' title='bbox 750 3012 1304 3082; x_wconf 81' lang='lat' dir='ltr'>Gewissenhaftigkeit</span> <span class='ocrx_word' id='word_1_211' title='bbox 1339 3013 1600 3068; x_wconf 84' lang='lat' dir='ltr'>beobach-</span> 
     </span>
     <span class='ocr_line' id='line_1_31' title="bbox 423 3103 1601 3158; baseline -0.001 -2"><span class='ocrx_word' id='word_1_212' title='bbox 423 3105 572 3158; x_wconf 83' lang='lat' dir='ltr'>teten</span> <span class='ocrx_word' id='word_1_213' title='bbox 626 3103 828 3158; x_wconf 81' lang='lat' dir='ltr'>Rechte</span> <span class='ocrx_word' id='word_1_214' title='bbox 892 3105 990 3157; x_wconf 91' lang='lat' dir='ltr'>der</span> <span class='ocrx_word' id='word_1_215' title='bbox 1048 3103 1246 3158; x_wconf 76' lang='lat' dir='ltr'>Manen</span> <span class='ocrx_word' id='word_1_216' title='bbox 1309 3103 1601 3156; x_wconf 86' lang='lat' dir='ltr'>bestanden</span> 
     </span>
     <span class='ocr_line' id='line_1_32' title="bbox 425 3191 1605 3260; baseline -0.003 -14"><span class='ocrx_word' id='word_1_217' title='bbox 425 3192 684 3247; x_wconf 73' lang='lat' dir='ltr'>zuniichst</span> <span class='ocrx_word' id='word_1_218' title='bbox 717 3193 774 3246; x_wconf 87' lang='lat' dir='ltr'>in</span> <span class='ocrx_word' id='word_1_219' title='bbox 811 3194 907 3246; x_wconf 89' lang='lat' dir='ltr'>der</span> <span class='ocrx_word' id='word_1_220' title='bbox 942 3191 1256 3247; x_wconf 84' lang='lat' dir='ltr'>feierlichen</span> <span class='ocrx_word' id='word_1_221' title='bbox 1285 3192 1605 3260; x_wconf 81' lang='lat' dir='ltr'>Bestattung</span> 
     </span>
     <span class='ocr_line' id='line_1_33' title="bbox 423 3281 1602 3350; baseline -0.003 -15"><span class='ocrx_word' id='word_1_222' title='bbox 423 3283 532 3335; x_wconf 86' lang='lat' dir='ltr'>und</span> <span class='ocrx_word' id='word_1_223' title='bbox 569 3282 626 3334; x_wconf 87' lang='lat' dir='ltr'>in</span> <span class='ocrx_word' id='word_1_224' title='bbox 673 3281 1116 3350; x_wconf 84' lang='lat' dir='ltr'>nachfolgendem</span> <span class='ocrx_word' id='word_1_225' title='bbox 1152 3281 1458 3349; x_wconf 81' lang='lat' dir='ltr'>Siihnopfer</span> <span class='ocrx_word' id='word_1_226' title='bbox 1491 3281 1602 3333; x_wconf 89' lang='lat' dir='ltr'>und</span> 
     </span>
     <span class='ocr_line' id='line_1_34' title="bbox 424 3369 1603 3438; baseline -0.006 -10"><span class='ocrx_word' id='word_1_227' title='bbox 424 3371 862 3437; x_wconf 79' lang='lat' dir='ltr'>TotenschmauS,</span> <span class='ocrx_word' id='word_1_228' title='bbox 939 3372 1124 3424; x_wconf 77' lang='lat' dir='ltr'>semer</span> <span class='ocrx_word' id='word_1_229' title='bbox 1187 3370 1243 3423; x_wconf 91' lang='lat' dir='ltr'>in</span> <span class='ocrx_word' id='word_1_230' title='bbox 1303 3369 1603 3438; x_wconf 61' lang='lat' dir='ltr'>jahrlichen</span> 
     </span>
     <span class='ocr_line' id='line_1_35' title="bbox 428 3458 1604 3528; baseline -0.003 -14"><span class='ocrx_word' id='word_1_231' title='bbox 428 3461 806 3528; x_wconf 83' lang='lat' dir='ltr'>Grabspenden</span> <span class='ocrx_word' id='word_1_232' title='bbox 867 3476 954 3512; x_wconf 89' lang='lat' dir='ltr'>am</span> <span class='ocrx_word' id='word_1_233' title='bbox 1007 3458 1316 3528; x_wconf 81' lang='lat' dir='ltr'>Sterbetage</span> <span class='ocrx_word' id='word_1_234' title='bbox 1380 3459 1491 3512; x_wconf 88' lang='lat' dir='ltr'>und</span> <span class='ocrx_word' id='word_1_235' title='bbox 1546 3458 1604 3511; x_wconf 88' lang='lat' dir='ltr'>in</span> 
     </span>
     <span class='ocr_line' id='line_1_36' title="bbox 427 3547 1602 3604; baseline -0.003 0"><span class='ocrx_word' id='word_1_236' title='bbox 427 3549 577 3604; x_wconf 88' lang='lat' dir='ltr'>einer</span> <span class='ocrx_word' id='word_1_237' title='bbox 625 3548 834 3603; x_wconf 74' lang='lat' dir='ltr'>offentl.</span> <span class='ocrx_word' id='word_1_238' title='bbox 884 3548 1188 3602; x_wconf 81' lang='lat' dir='ltr'>Totenfeier</span> <span class='ocrx_word' id='word_1_239' title='bbox 1231 3548 1304 3600; x_wconf 91' lang='lat' dir='ltr'>im</span> <span class='ocrx_word' id='word_1_240' title='bbox 1349 3547 1602 3601; x_wconf 84' lang='lat' dir='ltr'>Februar.</span> 
     </span>
     <span class='ocr_line' id='line_1_37' title="bbox 427 3637 1602 3707; baseline -0.003 -15"><span class='ocrx_word' id='word_1_241' title='bbox 427 3638 638 3707; x_wconf 86' lang='lat' dir='ltr'>Wegen</span> <span class='ocrx_word' id='word_1_242' title='bbox 685 3643 800 3691; x_wconf 81' lang='lat' dir='ltr'>tam</span> <span class='ocrx_word' id='word_1_243' title='bbox 845 3637 950 3706; x_wconf 84' lang='lat' dir='ltr'>vgl.</span> <span class='ocrx_word' id='word_1_244' title='bbox 1003 3655 1071 3691; x_wconf 86' lang='lat' dir='ltr'>zu</span> <span class='ocrx_word' id='word_1_245' title='bbox 1119 3640 1149 3705; x_wconf 65' lang='grc' dir='ltr'><strong>ξ</strong></span> <span class='ocrx_word' id='word_1_246' title='bbox 1184 3639 1220 3692; x_wconf 89' lang='grc'>8</span> <span class='ocrx_word' id='word_1_247' title='bbox 1269 3637 1493 3690; x_wconf 79' lang='lat' dir='ltr'>summi.</span> <span class='ocrx_word' id='word_1_248' title='bbox 1533 3668 1602 3677; x_wconf 88' lang='lat'>—-</span> 
     </span>
     <span class='ocr_line' id='line_1_38' title="bbox 423 3726 1603 3795; baseline -0.002 -13"><span class='ocrx_word' id='word_1_249' title='bbox 423 3728 483 3782; x_wconf 77' lang='lat' dir='ltr'>si</span> <span class='ocrx_word' id='word_1_250' title='bbox 520 3769 531 3780; x_wconf 91' lang='lat'><strong>.</strong></span> <span class='ocrx_word' id='word_1_251' title='bbox 565 3768 577 3781; x_wconf 89' lang='lat'><strong>.</strong></span> <span class='ocrx_word' id='word_1_252' title='bbox 609 3767 622 3782; x_wconf 89' lang='lat'><strong>.</strong></span> <span class='ocrx_word' id='word_1_253' title='bbox 659 3726 1081 3795; x_wconf 75' lang='lat' dir='ltr'>arbitrarentm·]</span> <span class='ocrx_word' id='word_1_254' title='bbox 1130 3726 1312 3780; x_wconf 90' lang='lat' dir='ltr'>Durch</span> <span class='ocrx_word' id='word_1_255' title='bbox 1362 3727 1457 3779; x_wconf 84' lang='lat' dir='ltr'>das</span> <span class='ocrx_word' id='word_1_256' title='bbox 1494 3727 1603 3780; x_wconf 89' lang='lat' dir='ltr'>Im-</span> 
     </span>
     <span class='ocr_line' id='line_1_39' title="bbox 427 3814 1605 3886; baseline -0.001 -17"><span class='ocrx_word' id='word_1_257' title='bbox 427 3817 640 3886; x_wconf 80' lang='lat' dir='ltr'>perfekt</span> <span class='ocrx_word' id='word_1_258' title='bbox 665 3816 798 3868; x_wconf 89' lang='lat' dir='ltr'>wird</span> <span class='ocrx_word' id='word_1_259' title='bbox 827 3816 912 3869; x_wconf 90' lang='lat' dir='ltr'>die</span> <span class='ocrx_word' id='word_1_260' title='bbox 940 3815 1038 3868; x_wconf 87' lang='lat' dir='ltr'>mit</span> <span class='ocrx_word' id='word_1_261' title='bbox 1069 3816 1165 3869; x_wconf 88' lang='lat' dir='ltr'>der</span> <span class='ocrx_word' id='word_1_262' title='bbox 1190 3814 1481 3883; x_wconf 87' lang='lat' dir='ltr'>Handlung</span> <span class='ocrx_word' id='word_1_263' title='bbox 1506 3816 1605 3868; x_wconf 85' lang='lat' dir='ltr'>des</span> 
     </span>
     <span class='ocr_line' id='line_1_40' title="bbox 427 3903 1607 3974; baseline -0.003 -14"><span class='ocrx_word' id='word_1_264' title='bbox 427 3904 712 3974; x_wconf 64' lang='lat' dir='ltr'>bedingten</span> <span class='ocrx_word' id='word_1_265' title='bbox 767 3905 950 3959; x_wconf 83' lang='lat' dir='ltr'>Satzes</span> <span class='ocrx_word' id='word_1_266' title='bbox 1004 3903 1369 3973; x_wconf 83' lang='lat' dir='ltr'>gleichzeitige</span> <span class='ocrx_word' id='word_1_267' title='bbox 1424 3905 1607 3958; x_wconf 88' lang='lat' dir='ltr'>Dauer</span> 
     </span>
     <span class='ocr_line' id='line_1_41' title="bbox 429 3992 1607 4063; baseline -0.001 -16"><span class='ocrx_word' id='word_1_268' title='bbox 429 3995 524 4048; x_wconf 88' lang='lat' dir='ltr'>der</span> <span class='ocrx_word' id='word_1_269' title='bbox 557 3993 848 4063; x_wconf 85' lang='lat' dir='ltr'>Handlung</span> <span class='ocrx_word' id='word_1_270' title='bbox 882 3994 976 4046; x_wconf 92' lang='lat' dir='ltr'>des</span> <span class='ocrx_word' id='word_1_271' title='bbox 1022 3993 1386 4061; x_wconf 87' lang='lat' dir='ltr'>bedingenden</span> <span class='ocrx_word' id='word_1_272' title='bbox 1423 3992 1607 4048; x_wconf 84' lang='lat' dir='ltr'>Satzes</span> 
     </span>
     <span class='ocr_line' id='line_1_42' title="bbox 430 4081 1609 4151; baseline -0.002 -14"><span class='ocrx_word' id='word_1_273' title='bbox 430 4084 541 4137; x_wconf 88' lang='lat' dir='ltr'>bez.</span> <span class='ocrx_word' id='word_1_274' title='bbox 581 4115 649 4123; x_wconf 91' lang='lat'>—-</span> <span class='ocrx_word' id='word_1_275' title='bbox 686 4099 886 4149; x_wconf 82' lang='lat' dir='ltr'>eorum,</span> <span class='ocrx_word' id='word_1_276' title='bbox 926 4083 1027 4151; x_wconf 78' lang='lat' dir='ltr'>qui</span> <span class='ocrx_word' id='word_1_277' title='bbox 1062 4123 1074 4136; x_wconf 89' lang='lat'><strong>.</strong></span> <span class='ocrx_word' id='word_1_278' title='bbox 1097 4123 1108 4136; x_wconf 88' lang='lat'>.</span> <span class='ocrx_word' id='word_1_279' title='bbox 1133 4123 1144 4135; x_wconf 88' lang='lat'><strong><em>.</em></strong></span> <span class='ocrx_word' id='word_1_280' title='bbox 1181 4082 1422 4150; x_wconf 63' lang='lat' dir='ltr'>fuerunt]</span> <span class='ocrx_word' id='word_1_281' title='bbox 1457 4081 1609 4136; x_wconf 88' lang='lat' dir='ltr'>nicht</span> 
     </span>
     <span class='ocr_line' id='line_1_43' title="bbox 431 4171 1609 4227; baseline -0.002 -1"><span class='ocrx_word' id='word_1_282' title='bbox 431 4175 569 4227; x_wconf 82' lang='lat' dir='ltr'>etwa</span> <span class='ocrx_word' id='word_1_283' title='bbox 594 4172 877 4226; x_wconf 66' lang='lat' dir='ltr'>vixerunt!</span> <span class='ocrx_word' id='word_1_284' title='bbox 949 4171 1195 4226; x_wconf 81' lang='lat' dir='ltr'>Gemeint</span> <span class='ocrx_word' id='word_1_285' title='bbox 1235 4172 1354 4225; x_wconf 89' lang='lat' dir='ltr'>sind</span> <span class='ocrx_word' id='word_1_286' title='bbox 1382 4171 1468 4225; x_wconf 87' lang='lat' dir='ltr'>die</span> <span class='ocrx_word' id='word_1_287' title='bbox 1505 4171 1609 4225; x_wconf 83' lang='lat' dir='ltr'>seit</span> 
     </span>
     <span class='ocr_line' id='line_1_44' title="bbox 427 4259 1607 4329; baseline -0.003 -13"><span class='ocrx_word' id='word_1_288' title='bbox 427 4262 536 4316; x_wconf 82' lang='lat'>509</span> <span class='ocrx_word' id='word_1_289' title='bbox 566 4277 614 4313; x_wconf 87' lang='lat' dir='ltr'>v.</span> <span class='ocrx_word' id='word_1_290' title='bbox 650 4259 773 4316; x_wconf 90' lang='lat' dir='ltr'>Chr.</span> <span class='ocrx_word' id='word_1_291' title='bbox 808 4262 862 4314; x_wconf 90' lang='lat' dir='ltr'>in</span> <span class='ocrx_word' id='word_1_292' title='bbox 901 4262 1104 4315; x_wconf 80' lang='lat' dir='ltr'>Kroton</span> <span class='ocrx_word' id='word_1_293' title='bbox 1136 4259 1440 4329; x_wconf 63' lang='lat' dir='ltr'>ansa-§sigen</span> <span class='ocrx_word' id='word_1_294' title='bbox 1472 4260 1516 4313; x_wconf 95' lang='lat' dir='ltr'>P</span> <span class='ocrx_word' id='word_1_295' title='bbox 1531 4278 1607 4328; x_wconf 85' lang='lat' dir='ltr'>y-</span> 
     </span>
     <span class='ocr_line' id='line_1_45' title="bbox 429 4349 1611 4417; baseline -0.001 -14"><span class='ocrx_word' id='word_1_296' title='bbox 429 4349 501 4403; x_wconf 85' lang='lat' dir='ltr'>th</span> <span class='ocrx_word' id='word_1_297' title='bbox 515 4365 635 4417; x_wconf 83' lang='lat' dir='ltr'>ago</span> <span class='ocrx_word' id='word_1_298' title='bbox 652 4365 679 4402; x_wconf 92' lang='lat' dir='ltr'>r</span> <span class='ocrx_word' id='word_1_299' title='bbox 693 4367 722 4403; x_wconf 92' lang='lat' dir='ltr'>e</span> <span class='ocrx_word' id='word_1_300' title='bbox 739 4366 768 4404; x_wconf 92' lang='lat' dir='ltr'>e</span> <span class='ocrx_word' id='word_1_301' title='bbox 785 4367 837 4415; x_wconf 81' lang='lat' dir='ltr'>r,</span> <span class='ocrx_word' id='word_1_302' title='bbox 858 4349 943 4403; x_wconf 91' lang='lat' dir='ltr'>die</span> <span class='ocrx_word' id='word_1_303' title='bbox 963 4366 1066 4404; x_wconf 79' lang='lat' dir='ltr'>von</span> <span class='ocrx_word' id='word_1_304' title='bbox 1086 4350 1206 4403; x_wconf 87' lang='lat' dir='ltr'>dort</span> <span class='ocrx_word' id='word_1_305' title='bbox 1224 4365 1318 4402; x_wconf 88' lang='lat' dir='ltr'>aus</span> <span class='ocrx_word' id='word_1_306' title='bbox 1339 4349 1487 4402; x_wconf 82' lang='lat' dir='ltr'>nicht</span> <span class='ocrx_word' id='word_1_307' title='bbox 1505 4365 1611 4402; x_wconf 89' lang='lat' dir='ltr'>nur</span> 
     </span>
    </p>
   </div>
   <div class='ocr_carea' id='block_1_12' title="bbox 1706 2298 2907 4402">
    <p class='ocr_par' dir='ltr' id='par_1_12' title="bbox 1706 2298 2890 3616">
     <span class='ocr_line' id='line_1_46' title="bbox 1706 2298 2882 2369; baseline -0.001 -17"><span class='ocrx_word' id='word_1_308' title='bbox 1706 2300 2082 2369; x_wconf 75' lang='lat' dir='ltr'>wohlthatigen</span> <span class='ocrx_word' id='word_1_309' title='bbox 2128 2299 2360 2353; x_wconf 84' lang='lat' dir='ltr'>sozialen</span> <span class='ocrx_word' id='word_1_310' title='bbox 2406 2299 2517 2352; x_wconf 89' lang='lat' dir='ltr'>und</span> <span class='ocrx_word' id='word_1_311' title='bbox 2566 2298 2882 2368; x_wconf 83' lang='lat' dir='ltr'>politischen</span> 
     </span>
     <span class='ocr_line' id='line_1_47' title="bbox 1708 2387 2883 2458; baseline -0.003 -14"><span class='ocrx_word' id='word_1_312' title='bbox 1708 2388 1939 2444; x_wconf 82' lang='lat' dir='ltr'>Einfluss</span> <span class='ocrx_word' id='word_1_313' title='bbox 1994 2390 2088 2442; x_wconf 82' lang='lat' dir='ltr'>auf</span> <span class='ocrx_word' id='word_1_314' title='bbox 2140 2388 2226 2442; x_wconf 87' lang='lat' dir='ltr'>die</span> <span class='ocrx_word' id='word_1_315' title='bbox 2280 2387 2646 2458; x_wconf 83' lang='lat' dir='ltr'>griechischen</span> <span class='ocrx_word' id='word_1_316' title='bbox 2701 2387 2883 2442; x_wconf 71' lang='lat' dir='ltr'>Stiidte</span> 
     </span>
     <span class='ocr_line' id='line_1_48' title="bbox 1707 2478 2881 2546; baseline -0.003 -13"><span class='ocrx_word' id='word_1_317' title='bbox 1707 2479 2090 2534; x_wconf 83' lang='lat' dir='ltr'>Unteritaliens</span> <span class='ocrx_word' id='word_1_318' title='bbox 2146 2479 2423 2531; x_wconf 80' lang='lat' dir='ltr'>ausiibten.</span> <span class='ocrx_word' id='word_1_319' title='bbox 2490 2510 2556 2517; x_wconf 96' lang='lat'>—</span> <span class='ocrx_word' id='word_1_320' title='bbox 2622 2478 2721 2546; x_wconf 79' lang='lat' dir='ltr'>qui</span> <span class='ocrx_word' id='word_1_321' title='bbox 2775 2518 2831 2529; x_wconf 91' lang='lat'>..</span> <span class='ocrx_word' id='word_1_322' title='bbox 2869 2518 2881 2529; x_wconf 91' lang='lat'><strong>.</strong></span> 
     </span>
     <span class='ocr_line' id='line_1_49' title="bbox 1707 2565 2885 2638; baseline -0.003 -17"><span class='ocrx_word' id='word_1_323' title='bbox 1707 2568 1853 2621; x_wconf 79' lang='lat' dir='ltr'>idem</span> <span class='ocrx_word' id='word_1_324' title='bbox 1878 2569 2105 2638; x_wconf 83' lang='lat' dir='ltr'>semper]</span> <span class='ocrx_word' id='word_1_325' title='bbox 2144 2583 2215 2621; x_wconf 92' lang='lat' dir='ltr'>sc.</span> <span class='ocrx_word' id='word_1_326' title='bbox 2244 2567 2463 2620; x_wconf 76' lang='lat' dir='ltr'>dicebat.</span> <span class='ocrx_word' id='word_1_327' title='bbox 2520 2565 2685 2620; x_wconf 85' lang='lat' dir='ltr'>Nicht</span> <span class='ocrx_word' id='word_1_328' title='bbox 2710 2566 2885 2619; x_wconf 88' lang='lat' dir='ltr'>selten</span> 
     </span>
     <span class='ocr_line' id='line_1_50' title="bbox 1708 2655 2883 2721; baseline -0.002 -12"><span class='ocrx_word' id='word_1_329' title='bbox 1708 2657 1881 2709; x_wconf 82' lang='lat' dir='ltr'>findet</span> <span class='ocrx_word' id='word_1_330' title='bbox 1917 2657 2031 2710; x_wconf 88' lang='lat' dir='ltr'>sich</span> <span class='ocrx_word' id='word_1_331' title='bbox 2069 2656 2205 2709; x_wconf 87' lang='lat' dir='ltr'>auch</span> <span class='ocrx_word' id='word_1_332' title='bbox 2243 2655 2298 2707; x_wconf 90' lang='lat' dir='ltr'>in</span> <span class='ocrx_word' id='word_1_333' title='bbox 2338 2655 2738 2721; x_wconf 74' lang='lat' dir='ltr'>Nebensatzen,</span> <span class='ocrx_word' id='word_1_334' title='bbox 2790 2655 2883 2707; x_wconf 91' lang='lat' dir='ltr'>be-</span> 
     </span>
     <span class='ocr_line' id='line_1_51' title="bbox 1708 2743 2884 2812; baseline -0.003 -14"><span class='ocrx_word' id='word_1_335' title='bbox 1708 2745 1929 2799; x_wconf 89' lang='lat' dir='ltr'>sonders</span> <span class='ocrx_word' id='word_1_336' title='bbox 1966 2746 2021 2797; x_wconf 91' lang='lat' dir='ltr'>in</span> <span class='ocrx_word' id='word_1_337' title='bbox 2050 2745 2311 2798; x_wconf 81' lang='lat' dir='ltr'>kiirzeren</span> <span class='ocrx_word' id='word_1_338' title='bbox 2342 2743 2575 2797; x_wconf 81' lang='lat' dir='ltr'>Relativ-</span> <span class='ocrx_word' id='word_1_339' title='bbox 2606 2760 2659 2796; x_wconf 86' lang='lat' dir='ltr'>u.</span> <span class='ocrx_word' id='word_1_340' title='bbox 2688 2743 2884 2812; x_wconf 73' lang='lat' dir='ltr'>Frage-</span> 
     </span>
     <span class='ocr_line' id='line_1_52' title="bbox 1708 2831 2885 2902; baseline -0.003 -14"><span class='ocrx_word' id='word_1_341' title='bbox 1708 2836 1919 2900; x_wconf 72' lang='lat' dir='ltr'>siitzen,</span> <span class='ocrx_word' id='word_1_342' title='bbox 1970 2833 2055 2888; x_wconf 89' lang='lat' dir='ltr'>die</span> <span class='ocrx_word' id='word_1_343' title='bbox 2092 2832 2294 2902; x_wconf 88' lang='lat' dir='ltr'>Ellipse</span> <span class='ocrx_word' id='word_1_344' title='bbox 2344 2833 2492 2886; x_wconf 90' lang='lat' dir='ltr'>eines</span> <span class='ocrx_word' id='word_1_345' title='bbox 2527 2832 2767 2885; x_wconf 88' lang='lat' dir='ltr'>Verbum</span> <span class='ocrx_word' id='word_1_346' title='bbox 2803 2831 2885 2884; x_wconf 87' lang='lat' dir='ltr'>di-</span> 
     </span>
     <span class='ocr_line' id='line_1_53' title="bbox 1709 2921 2887 2992; baseline -0.003 -15"><span class='ocrx_word' id='word_1_347' title='bbox 1709 2922 1879 2977; x_wconf 89' lang='lat' dir='ltr'>cendi.</span> <span class='ocrx_word' id='word_1_348' title='bbox 1955 2924 2161 2992; x_wconf 86' lang='lat' dir='ltr'>Wegen</span> <span class='ocrx_word' id='word_1_349' title='bbox 2198 2923 2292 2976; x_wconf 90' lang='lat' dir='ltr'>des</span> <span class='ocrx_word' id='word_1_350' title='bbox 2329 2921 2613 2991; x_wconf 86' lang='lat' dir='ltr'>doppelten</span> <span class='ocrx_word' id='word_1_351' title='bbox 2650 2921 2887 2975; x_wconf 86' lang='lat' dir='ltr'>Relativ—</span> 
     </span>
     <span class='ocr_line' id='line_1_54' title="bbox 1708 3010 2884 3080; baseline -0.003 -14"><span class='ocrx_word' id='word_1_352' title='bbox 1708 3015 1879 3066; x_wconf 84' lang='lat' dir='ltr'>satzes</span> <span class='ocrx_word' id='word_1_353' title='bbox 1934 3011 2037 3080; x_wconf 86' lang='lat' dir='ltr'>vgl.</span> <span class='ocrx_word' id='word_1_354' title='bbox 2096 3028 2161 3064; x_wconf 91' lang='lat' dir='ltr'>zu</span> <span class='ocrx_word' id='word_1_355' title='bbox 2210 3014 2240 3079; x_wconf 66' lang='grc' dir='ltr'><strong>ξ</strong></span> <span class='ocrx_word' id='word_1_356' title='bbox 2286 3013 2354 3066; x_wconf 78' lang='lat'>⁴27</span> <span class='ocrx_word' id='word_1_357' title='bbox 2408 3029 2473 3064; x_wconf 70' lang='lat' dir='ltr'>em</span> <span class='ocrx_word' id='word_1_358' title='bbox 2523 3028 2587 3064; x_wconf 85' lang='lat' dir='ltr'>ea</span> <span class='ocrx_word' id='word_1_359' title='bbox 2640 3010 2884 3075; x_wconf 74' lang='lat' dir='ltr'>caritate,</span> 
     </span>
     <span class='ocr_line' id='line_1_55' title="bbox 1708 3099 2884 3170; baseline -0.004 -15"><span class='ocrx_word' id='word_1_360' title='bbox 1708 3119 1844 3170; x_wconf 83' lang='lat' dir='ltr'>quae</span> <span class='ocrx_word' id='word_1_361' title='bbox 1870 3107 1947 3155; x_wconf 76' lang='lat' dir='ltr'>est</span> <span class='ocrx_word' id='word_1_362' title='bbox 1974 3104 2073 3155; x_wconf 88' lang='lat' dir='ltr'>etc.</span> <span class='ocrx_word' id='word_1_363' title='bbox 2113 3133 2180 3140; x_wconf 91' lang='lat'>—-</span> <span class='ocrx_word' id='word_1_364' title='bbox 2217 3099 2306 3154; x_wconf 79' lang='lat' dir='ltr'>uti</span> <span class='ocrx_word' id='word_1_365' title='bbox 2323 3100 2587 3170; x_wconf 73' lang='lat' dir='ltr'>plerique]</span> <span class='ocrx_word' id='word_1_366' title='bbox 2619 3099 2717 3152; x_wconf 87' lang='lat' dir='ltr'>wie</span> <span class='ocrx_word' id='word_1_367' title='bbox 2745 3116 2790 3152; x_wconf 88' lang='lat' dir='ltr'>z.</span> <span class='ocrx_word' id='word_1_368' title='bbox 2822 3099 2884 3152; x_wconf 93' lang='lat' dir='ltr'>B.</span> 
     </span>
     <span class='ocr_line' id='line_1_56' title="bbox 1709 3188 2890 3259; baseline -0.003 -16"><span class='ocrx_word' id='word_1_369' title='bbox 1709 3191 1795 3245; x_wconf 89' lang='lat' dir='ltr'>die</span> <span class='ocrx_word' id='word_1_370' title='bbox 1850 3190 2148 3259; x_wconf 85' lang='lat' dir='ltr'>Sophisten.</span> <span class='ocrx_word' id='word_1_371' title='bbox 2220 3221 2288 3228; x_wconf 91' lang='lat'>—</span> <span class='ocrx_word' id='word_1_372' title='bbox 2354 3207 2419 3242; x_wconf 72' lang='lat' dir='ltr'>ex</span> <span class='ocrx_word' id='word_1_373' title='bbox 2482 3189 2715 3256; x_wconf 77' lang='lat' dir='ltr'>corpore]</span> <span class='ocrx_word' id='word_1_374' title='bbox 2772 3188 2890 3241; x_wconf 91' lang='lat' dir='ltr'>Der</span> 
     </span>
     <span class='ocr_line' id='line_1_57' title="bbox 1710 3276 2889 3347; baseline -0.003 -13"><span class='ocrx_word' id='word_1_375' title='bbox 1710 3279 1959 3347; x_wconf 85' lang='lat' dir='ltr'>Singular</span> <span class='ocrx_word' id='word_1_376' title='bbox 2011 3279 2187 3333; x_wconf 88' lang='lat' dir='ltr'>neben</span> <span class='ocrx_word' id='word_1_377' title='bbox 2240 3279 2459 3333; x_wconf 75' lang='lat' dir='ltr'>animos</span> <span class='ocrx_word' id='word_1_378' title='bbox 2512 3276 2637 3331; x_wconf 75' lang='lat' dir='ltr'>liisst</span> <span class='ocrx_word' id='word_1_379' title='bbox 2690 3293 2889 3345; x_wconf 80' lang='lat' dir='ltr'>eorpus</span> 
     </span>
     <span class='ocr_line' id='line_1_58' title="bbox 1710 3366 2888 3435; baseline -0.002 -15"><span class='ocrx_word' id='word_1_380' title='bbox 1710 3369 1829 3422; x_wconf 88' lang='lat' dir='ltr'>hier</span> <span class='ocrx_word' id='word_1_381' title='bbox 1874 3368 1953 3422; x_wconf 83' lang='lat' dir='ltr'>als</span> <span class='ocrx_word' id='word_1_382' title='bbox 2002 3369 2306 3422; x_wconf 82' lang='lat' dir='ltr'>abstrakten</span> <span class='ocrx_word' id='word_1_383' title='bbox 2341 3366 2552 3435; x_wconf 80' lang='lat' dir='ltr'>Begriff</span> <span class='ocrx_word' id='word_1_384' title='bbox 2588 3366 2888 3434; x_wconf 78' lang='lat' dir='ltr'>(„K61·per-</span> 
     </span>
     <span class='ocr_line' id='line_1_59' title="bbox 1710 3454 2889 3525; baseline -0.003 -15"><span class='ocrx_word' id='word_1_385' title='bbox 1710 3457 1991 3525; x_wconf 83' lang='lat' dir='ltr'>lichkeit“)</span> <span class='ocrx_word' id='word_1_386' title='bbox 2056 3457 2399 3524; x_wconf 82' lang='lat' dir='ltr'>erscheinen3</span> <span class='ocrx_word' id='word_1_387' title='bbox 2466 3456 2601 3510; x_wconf 90' lang='lat' dir='ltr'>oben</span> <span class='ocrx_word' id='word_1_388' title='bbox 2663 3454 2889 3508; x_wconf 81' lang='lat' dir='ltr'>konkret</span> 
     </span>
     <span class='ocr_line' id='line_1_60' title="bbox 1710 3545 2201 3616; baseline -0.004 -16"><span class='ocrx_word' id='word_1_389' title='bbox 1710 3565 1838 3600; x_wconf 79' lang='lat' dir='ltr'>eum</span> <span class='ocrx_word' id='word_1_390' title='bbox 1872 3545 2201 3616; x_wconf 59' lang='lat' dir='ltr'>corporibus</span> 
     </span>
    </p>

    <p class='ocr_par' dir='ltr' id='par_1_13' title="bbox 1712 3632 2907 4402">
     <span class='ocr_line' id='line_1_61' title="bbox 1795 3632 2888 3705; baseline -0.006 -14"><span class='ocrx_word' id='word_1_391' title='bbox 1795 3651 1869 3691; x_wconf 66' lang='grc' dir='ltr'>ιι.</span> <span class='ocrx_word' id='word_1_392' title='bbox 1909 3636 2010 3704; x_wconf 78' lang='lat' dir='ltr'>qui</span> <span class='ocrx_word' id='word_1_393' title='bbox 2032 3635 2268 3705; x_wconf 78' lang='lat' dir='ltr'>quidem]</span> <span class='ocrx_word' id='word_1_394' title='bbox 2306 3634 2512 3688; x_wconf 62' lang='lat' dir='ltr'>starker</span> <span class='ocrx_word' id='word_1_395' title='bbox 2540 3632 2888 3701; x_wconf 81' lang='lat' dir='ltr'>begriindend</span> 
     </span>
     <span class='ocr_line' id='line_1_62' title="bbox 1714 3721 2889 3792; baseline -0.004 -14"><span class='ocrx_word' id='word_1_396' title='bbox 1714 3725 1792 3778; x_wconf 87' lang='lat' dir='ltr'>als</span> <span class='ocrx_word' id='word_1_397' title='bbox 1841 3726 1936 3778; x_wconf 81' lang='lat' dir='ltr'>das</span> <span class='ocrx_word' id='word_1_398' title='bbox 1984 3724 2152 3778; x_wconf 79' lang='lat' dir='ltr'>blosse</span> <span class='ocrx_word' id='word_1_399' title='bbox 2189 3723 2290 3792; x_wconf 83' lang='lat' dir='ltr'>qui</span> <span class='ocrx_word' id='word_1_400' title='bbox 2338 3723 2393 3776; x_wconf 93' lang='lat' dir='ltr'>in</span> <span class='ocrx_word' id='word_1_401' title='bbox 2430 3726 2460 3792; x_wconf 64' lang='grc' dir='ltr'><strong><em>ξ</em></strong></span> <span class='ocrx_word' id='word_1_402' title='bbox 2499 3725 2563 3777; x_wconf 94' lang='grc'>11</span> <span class='ocrx_word' id='word_1_403' title='bbox 2604 3721 2705 3791; x_wconf 82' lang='lat' dir='ltr'>qui</span> <span class='ocrx_word' id='word_1_404' title='bbox 2737 3738 2889 3774; x_wconf 77' lang='lat' dir='ltr'>sum-</span> 
     </span>
     <span class='ocr_line' id='line_1_63' title="bbox 1712 3808 2894 3883; baseline -0.007 -15"><span class='ocrx_word' id='word_1_405' title='bbox 1712 3831 1865 3868; x_wconf 89' lang='lat' dir='ltr'>mam</span> <span class='ocrx_word' id='word_1_406' title='bbox 1900 3831 2051 3883; x_wconf 79' lang='lat' dir='ltr'>spem</span> <span class='ocrx_word' id='word_1_407' title='bbox 2088 3816 2187 3866; x_wconf 86' lang='lat' dir='ltr'>etc.</span> <span class='ocrx_word' id='word_1_408' title='bbox 2243 3811 2370 3866; x_wconf 82' lang='lat' dir='ltr'>Man</span> <span class='ocrx_word' id='word_1_409' title='bbox 2397 3811 2522 3866; x_wconf 68' lang='lat' dir='ltr'>liisst</span> <span class='ocrx_word' id='word_1_410' title='bbox 2547 3810 2667 3864; x_wconf 88' lang='lat' dir='ltr'>hier</span> <span class='ocrx_word' id='word_1_411' title='bbox 2690 3808 2894 3864; x_wconf 82' lang='lat' dir='ltr'>sowohl</span> 
     </span>
     <span class='ocr_line' id='line_1_64' title="bbox 1714 3898 2895 3973; baseline -0.006 -15"><span class='ocrx_word' id='word_1_412' title='bbox 1714 3902 1875 3973; x_wconf 88' lang='lat' dir='ltr'>(„Als</span> <span class='ocrx_word' id='word_1_413' title='bbox 1924 3904 1991 3957; x_wconf 94' lang='lat' dir='ltr'>ob</span> <span class='ocrx_word' id='word_1_414' title='bbox 2042 3919 2102 3956; x_wconf 87' lang='lat' dir='ltr'>er</span> <span class='ocrx_word' id='word_1_415' title='bbox 2148 3901 2447 3968; x_wconf 77' lang='lat' dir='ltr'>niimlich“)</span> <span class='ocrx_word' id='word_1_416' title='bbox 2503 3900 2604 3952; x_wconf 90' lang='lat' dir='ltr'>wie</span> <span class='ocrx_word' id='word_1_417' title='bbox 2653 3898 2895 3952; x_wconf 88' lang='lat' dir='ltr'>nachher</span> 
     </span>
     <span class='ocr_line' id='line_1_65' title="bbox 1714 3987 2892 4060; baseline -0.004 -15"><span class='ocrx_word' id='word_1_418' title='bbox 1714 3991 1797 4047; x_wconf 91' lang='lat' dir='ltr'>bei</span> <span class='ocrx_word' id='word_1_419' title='bbox 1849 3991 2010 4045; x_wconf 82' lang='lat' dir='ltr'>euius</span> <span class='ocrx_word' id='word_1_420' title='bbox 2046 3991 2187 4060; x_wconf 82' lang='lat' dir='ltr'>disp.</span> <span class='ocrx_word' id='word_1_421' title='bbox 2240 3989 2398 4043; x_wconf 89' lang='lat' dir='ltr'>einen</span> <span class='ocrx_word' id='word_1_422' title='bbox 2436 3989 2727 4057; x_wconf 83' lang='lat' dir='ltr'>Hauptsatz</span> <span class='ocrx_word' id='word_1_423' title='bbox 2778 3987 2892 4041; x_wconf 86' lang='lat' dir='ltr'>ein·</span> 
     </span>
     <span class='ocr_line' id='line_1_66' title="bbox 1714 4076 2907 4149; baseline -0.004 -15"><span class='ocrx_word' id='word_1_424' title='bbox 1714 4084 1907 4135; x_wconf 89' lang='lat' dir='ltr'>treten.</span> <span class='ocrx_word' id='word_1_425' title='bbox 1961 4113 2027 4120; x_wconf 95' lang='lat'>—</span> <span class='ocrx_word' id='word_1_426' title='bbox 2070 4078 2430 4149; x_wconf 74' lang='lat' dir='ltr'>praesayiret]</span> <span class='ocrx_word' id='word_1_427' title='bbox 2482 4076 2691 4131; x_wconf 87' lang='lat' dir='ltr'>absolut</span> <span class='ocrx_word' id='word_1_428' title='bbox 2728 4116 2759 4144; x_wconf 89' lang='lat'>„</span> <span class='ocrx_word' id='word_1_429' title='bbox 2772 4076 2907 4131; x_wconf 87' lang='lat' dir='ltr'>eine·</span> 
     </span>
     <span class='ocr_line' id='line_1_67' title="bbox 1716 4167 2893 4238; baseline -0.003 -16"><span class='ocrx_word' id='word_1_430' title='bbox 1716 4170 2045 4238; x_wconf 85' lang='lat' dir='ltr'>Vorahnung</span> <span class='ocrx_word' id='word_1_431' title='bbox 2080 4169 2251 4222; x_wconf 88' lang='lat' dir='ltr'>haben</span> <span class='ocrx_word' id='word_1_432' title='bbox 2268 4171 2329 4235; x_wconf 78' lang='lat'>“3</span> <span class='ocrx_word' id='word_1_433' title='bbox 2368 4168 2462 4221; x_wconf 87' lang='lat' dir='ltr'>das</span> <span class='ocrx_word' id='word_1_434' title='bbox 2500 4167 2657 4235; x_wconf 78' lang='lat' dir='ltr'>Impf.</span> <span class='ocrx_word' id='word_1_435' title='bbox 2697 4182 2893 4235; x_wconf 87' lang='lat' dir='ltr'>gegen·</span> 
     </span>
     <span class='ocr_line' id='line_1_68' title="bbox 1714 4255 2893 4325; baseline -0.003 -12"><span class='ocrx_word' id='word_1_436' title='bbox 1714 4260 1851 4313; x_wconf 84' lang='lat' dir='ltr'>iiber</span> <span class='ocrx_word' id='word_1_437' title='bbox 1894 4260 2017 4312; x_wconf 90' lang='lat' dir='ltr'>dem</span> <span class='ocrx_word' id='word_1_438' title='bbox 2061 4257 2356 4311; x_wconf 85' lang='lat' dir='ltr'>deutschen</span> <span class='ocrx_word' id='word_1_439' title='bbox 2392 4256 2575 4325; x_wconf 83' lang='lat' dir='ltr'>Plusq.</span> <span class='ocrx_word' id='word_1_440' title='bbox 2614 4255 2715 4309; x_wconf 86' lang='lat' dir='ltr'>wie</span> <span class='ocrx_word' id='word_1_441' title='bbox 2754 4257 2785 4325; x_wconf 66' lang='grc' dir='ltr'>ξ</span> <span class='ocrx_word' id='word_1_442' title='bbox 2825 4257 2893 4310; x_wconf 84' lang='grc'>13</span> 
     </span>
     <span class='ocr_line' id='line_1_69' title="bbox 1714 4344 2894 4402; baseline -0.004 0"><span class='ocrx_word' id='word_1_443' title='bbox 1714 4348 1771 4402; x_wconf 85' lang='lat' dir='ltr'>si</span> <span class='ocrx_word' id='word_1_444' title='bbox 1815 4390 1826 4401; x_wconf 90' lang='lat'>.</span> <span class='ocrx_word' id='word_1_445' title='bbox 1860 4389 1872 4402; x_wconf 89' lang='lat'><strong>.</strong></span> <span class='ocrx_word' id='word_1_446' title='bbox 1905 4389 1917 4401; x_wconf 93' lang='lat'><strong>.</strong></span> <span class='ocrx_word' id='word_1_447' title='bbox 1967 4348 2383 4401; x_wconf 72' lang='lat' dir='ltr'>arbitrarentur.</span> <span class='ocrx_word' id='word_1_448' title='bbox 2436 4377 2503 4385; x_wconf 94' lang='lat'>-—</span> <span class='ocrx_word' id='word_1_449' title='bbox 2559 4345 2622 4398; x_wconf 89' lang='lat' dir='ltr'>L.</span> <span class='ocrx_word' id='word_1_450' title='bbox 2677 4344 2894 4398; x_wconf 59' lang='lat' dir='ltr'>Ebrius</span> 
     </span>
    </p>
   </div>
   <div class='ocr_carea' id='block_1_13' title="bbox 3141 944 3146 1449">
    <p class='ocr_par' dir='ltr' id='par_1_14' title="bbox 3141 944 3146 1449">
     <span class='ocr_line' id='line_1_70' title="bbox 3141 944 3146 1449; baseline 0 0"><span class='ocrx_word' id='word_1_451' title='bbox 3141 944 3146 1449; x_wconf 95' lang='lat' dir='ltr'> </span> 
     </span>
    </p>
   </div>
  </div>
 </body>
</html>
