3175 4825
1447 291 1490 328 c.
1532 277 1617 329 11.
2686 273 2754 332 41

295 437 461 501 nihil
507 437 741 501 habeat
787 456 889 501 res
936 436 1108 509 vitii;
1157 436 1267 500 sed
1316 437 1637 518 loquimur
1685 437 1761 500 de
1809 437 1886 500 iis
1936 438 2172 512 amiciS,
2221 438 2510 518 quiante
2544 438 2756 501 oculos

295 546 472 617 sunt,
520 562 677 625 quos
723 544 998 607 vidimus
1048 547 1162 607 aut
1209 544 1284 607 de
1334 544 1562 624 quibus
1598 543 1903 607 memoria
1952 544 2327 627 accepimus,
2377 562 2535 625 quos
2582 544 2758 607 novit

293 651 436 715 vita
480 651 852 714 communis.
943 650 1038 713 Ex
1083 650 1204 714 hoc
1248 670 1513 714 numero
1561 652 1740 714 nobis
1788 652 2075 733 exempla
2122 650 2431 715 sumenda
2478 652 2646 726 sunt,
2694 652 2760 714 et

294 776 520 821 eorum
557 757 815 838 quidem
845 758 1137 833 maxime,
1187 758 1294 839 qui
1331 757 1409 820 ad
1445 758 1825 840 sapientiam
1855 757 2135 840 proxime
2168 758 2496 822 accedunt.
2566 757 2759 821 Vide·
2782 784 2847 826 se

298 883 448 927 mus
481 864 728 946 Papum
759 863 1103 927 Aemilium
1135 862 1202 929 O.
1233 864 1508 928 Luscino
1554 863 1934 928 familiarem
1980 864 2175 928 fuisse
2223 864 2340 947 (sic
2386 883 2423 927 a
2468 865 2758 947 patribus

295 971 708 1053 accepimus),
753 971 851 1034 bis
899 989 1028 1034 una
1059 971 1368 1047 consuleS,
1415 972 1690 1053 collegas
1737 972 1803 1034 in
1836 990 2139 1045 censura;
2186 973 2329 1034 tum
2376 974 2442 1034 et
2488 990 2635 1034 cum
2679 970 2758 1034 iis

294 1080 370 1141 et
427 1076 596 1141 inter
655 1095 722 1141 se
783 1078 1333 1142 coniunctissimos
1396 1077 1590 1142 fuisse
1640 1078 1747 1141 Μ’.
1796 1078 2092 1154 Curium,
2151 1078 2241 1141 Ti.
2290 1077 2757 1143 Coruncanium

295 1184 644 1247 memoriae
676 1184 998 1266 proditum
1031 1187 1160 1248 est:
1194 1184 1393 1266 igitur
1422 1204 1502 1249 ne
1534 1185 1844 1267 suspicari
1877 1184 2133 1265 quidem
2164 1202 2505 1267 possumus
2540 1202 2760 1264 quem-

295 1308 499 1371 quam
546 1291 776 1355 horum
825 1292 903 1355 ab
951 1291 1153 1355 amico
1203 1291 1529 1374 quippiam
1576 1291 2005 1367 contendisse,
2068 1291 2235 1372 quod
2283 1294 2504 1355 contra
2550 1290 2758 1366 fidem,

294 1399 527 1460 contra
571 1398 672 1461 ius
703 1398 1063 1473 iurandum,
1111 1402 1328 1462 contra
1359 1417 1496 1462 rem
1530 1398 1849 1480 publicam
1881 1401 2067 1461 esset.
2143 1396 2311 1461 Nam
2351 1397 2470 1461 hoc
2502 1396 2757 1478 quidem

296 1504 367 1566 in
416 1505 654 1568 talibus
701 1505 850 1569 viris
901 1505 1052 1586 quid
1101 1506 1334 1569 attinet
1380 1505 1619 1581 dicere,
1662 1505 1717 1569 si
1762 1504 2219 1581 contendisset,
2264 1506 2759 1587 impetraturum

301 1628 431 1674 non
476 1610 720 1676 fuisse?
781 1631 929 1676 cum
986 1612 1080 1675 illi
1137 1612 1523 1676 sanctissimi
1578 1612 1697 1675 viri
1741 1611 2006 1688 fuerint,
2067 1630 2269 1692 aeque
2317 1613 2534 1675 autem
2579 1609 2759 1674 nefas

298 1716 392 1779 sit
437 1718 566 1782 tale
613 1717 855 1799 aliquid
903 1722 968 1782 et
998 1718 1202 1782 facere
1235 1721 1530 1800 rogatum
1563 1721 1629 1782 et
1660 1737 1897 1800 rogare.
1966 1720 2053 1782 At
2097 1737 2243 1782 vero
2275 1719 2366 1781 Ti.
2400 1716 2761 1783 Gracchum

301 1982 401 2035 hin
454 1982 553 2035 mit
607 1982 898 2036 Riicksicht
951 1983 1046 2036 auf
1107 1982 1192 2035 die
1249 1997 1343 2035 aus
1397 1982 1483 2034 ihr
1589 1985 1620 2052 ξ
1658 1985 1741 2038 18.
1794 2014 1862 2021 -
1912 2000 1949 2036 a
1976 1982 2234 2051 patribus
2270 1982 2600 2051 accepimus]
2647 1982 2760 2035 bez.

299 2070 424 2131 sich
461 2071 758 2140 ergebende
795 2071 926 2125 oder
963 2087 1028 2123 zu
1067 2071 1324 2124 ziehende
1359 2070 1480 2125 Fol-
1589 2070 1707 2125 sich
1757 2073 1851 2125 auf
1898 2071 1984 2124 die
2021 2071 2328 2124 miindliche
2364 2070 2631 2125 Tradition
2668 2072 2765 2125 der

299 2176 513 2229 gerung
537 2160 767 2229 gedacht
792 2160 1008 2213 werden
1033 2160 1193 2213 kann.
1228 2192 1295 2199 —
1332 2159 1483 2213 nihil
1589 2160 1780 2214 beiden
1825 2160 2016 2213 nachst
2063 2160 2543 2229 zuriickliegenden
2592 2159 2763 2213 Gene-

357 2290 368 2301 .
406 2290 417 2301 .
474 2248 634 2317 vitii]
702 2248 923 2316 „nichts
976 2248 1356 2303 Schlimmes“.
1413 2280 1480 2288 —

301 2356 440 2407 quos
493 2337 644 2391 novit
695 2338 811 2391 vita
867 2338 1197 2407 communis]
1261 2338 1486 2392 umfal'st

305 2430 469 2482 unter
487 2428 610 2481 (lem
636 2427 1034 2496 gemeinsamen
1053 2428 1196 2498 (dem
1215 2426 1483 2482 stoischen

303 2517 460 2570 Ideal
487 2518 1042 2586 entgegengesetzten)
1070 2516 1485 2585 Gesichtspunkt

303 2607 409 2660 der
444 2605 820 2660 Wirklichkeit
863 2607 960 2659 des
1009 2605 1348 2674 praktischen
1383 2605 1483 2660 Le-

308 2695 442 2748 bens
505 2694 592 2748 die
656 2694 850 2748 beiden
912 2695 1111 2749 vorher
1179 2697 1484 2764 genannten

310 2783 539 2838 Klassen
553 2824 567 2850 ,
619 2800 725 2838 von
761 2784 936 2838 denen
971 2784 1056 2838 die
1095 2785 1235 2838 erste
1272 2785 1366 2838 auf
1399 2783 1484 2836 die

305 2871 612 2940 alltiigliche
627 2912 640 2939 ,
691 2872 887 2926 immet
920 2873 1060 2926 noch
1109 2872 1485 2926 fortdauernde

307 2961 631 3030 Erfahrung,
651 2961 736 3015 die
752 2961 940 3016 zweite
955 2963 1050 3015 auf
1062 2961 1248 3015 weiter
1261 2961 1484 3016 zuriick·

308 3049 614 3117 reichende,
651 3051 924 3105 entweder
953 3050 1324 3105 selbsterlebte
1361 3051 1489 3104 oder

309 3138 600 3193 histor-isch
647 3139 992 3194 iiberlieferte
1038 3139 1188 3194 Falla
1235 3139 1348 3193 sich
1395 3139 1486 3193 be·

310 3228 471 3283 zieht.
565 3228 772 3297 Wegen
837 3229 935 3283 der
999 3228 1328 3297 Metonymie
1385 3228 1486 3297 vgl.

310 3318 458 3386 §2L
499 3348 566 3356 -—
602 3317 1062 3387 exhocnumcro]
1099 3343 1169 3364 ==
1205 3317 1489 3372 extem-um

310 3423 367 3460 n.
417 3437 483 3446 —
536 3406 613 3460 ad
657 3406 1016 3476 sapientiam]
1073 3423 1146 3461 sc.
1192 3406 1490 3476 perfectam

313 3495 637 3550 Stosbmum.

389 3597 470 3640 39.
549 3585 826 3654 Videmus]
897 3585 1010 3652 „So
1073 3585 1267 3639 wissen
1329 3584 1487 3652 wir“,

311 3673 465 3728 nicht
501 3689 597 3728 aus
633 3673 853 3742 eigener
885 3674 1220 3742 Erfahrung,
1270 3673 1372 3728 wie
1406 3673 1488 3728 vi-

307 3763 500 3818 dimus
535 3762 612 3816 im
638 3779 751 3817 vor.
779 3763 1100 3833 Paragraph,
1137 3764 1368 3818 sondern
1394 3779 1490 3818 aus

309 3853 412 3907 der
443 3852 586 3907 noch
633 3852 829 3907 immer
863 3853 1070 3923 (darum
1111 3854 1204 3907 das
1241 3853 1491 3920 Priisens)

311 3939 641 3996 flietsenden
655 3941 845 4008 Quelle
864 3942 964 3997 der
973 3931 1404 4011 i'Jberlieferung.
1421 3973 1488 3982 —

321 4030 384 4096 Q.
413 4029 690 4086 Aemilius
714 4030 920 4100 Papae,
949 4029 1170 4100 Kollege
1198 4031 1292 4086 des
1311 4031 1370 4088 C.
1390 4031 1490 4086 Fa-

313 4119 516 4174 bricius
551 4118 816 4174 Luscinus
864 4118 940 4172 im
985 4119 1248 4174 Konsulat
1292 4123 1402 4178 282
1436 4138 1488 4175 u.

312 4211 438 4277 278,
475 4209 534 4264 in
569 4209 669 4264 der
704 4207 914 4266 Oensur
947 4210 1055 4266 275
1081 4225 1132 4264 v.
1163 4208 1286 4266 Chr.
1341 4200 1495 4266 Uber

315 4298 420 4352 M’.
478 4298 710 4367 Uarius,
767 4298 842 4354 152
900 4299 1282 4355 Coruncanius
1331 4316 1372 4354 s,
1425 4317 1491 4355 zu

1590 2249 1848 2315 rationen,
1886 2249 2125 2317 dagegen
2159 2248 2454 2301 memoriae
2482 2248 2765 2317 proditum

1589 2343 1667 2392 est
1702 2339 1797 2391 aui
1831 2337 1916 2391 die
1961 2336 2186 2391 schriffl.
2224 2326 2655 2405 i‘Jberlieferung.
2696 2368 2763 2375 —

1590 2428 1786 2497 ἐρίδων]
1825 2427 2007 2481 Wenn
2056 2426 2233 2495 iqitur
2282 2443 2380 2480 zur
2423 2426 2766 2495 Einfiihrung

1591 2517 1690 2570 der
1738 2515 2008 2585 logischen
2060 2515 2556 2584 Sohlussfolgerung
2602 2515 2763 2581 dient,

1594 2622 1652 2659 so
1706 2606 1847 2659 kann
1914 2621 1971 2659 es
2037 2623 2103 2659 zu
2155 2606 2371 2674 Anfang
2434 2605 2529 2659 des
2582 2604 2767 2660 Satzes

1594 2695 1813 2762 stehen3
1853 2711 1933 2749 wo
1971 2695 2113 2761 aber,
2151 2695 2253 2748 wie
2282 2694 2415 2761 hier,
2452 2693 2609 2748 keine
2646 2693 2767 2747 der-

1594 2783 1761 2852 artige
1789 2785 1947 2838 Form
1982 2783 2223 2852 vorliegt,
2260 2783 2436 2838 findet
2470 2783 2587 2837 sich
2622 2783 2767 2836 diese

1594 2872 1840 2942 Stellung
1888 2873 1973 2927 bei
2022 2873 2129 2928 Cic.
2186 2889 2291 2926 nur
2339 2871 2645 2926 vereinzelt.
2699 2903 2767 2911 -

1593 2979 1661 3016 ne
1686 2979 1833 3031 susp.
1864 2962 2011 3031 quid.
2033 2963 2349 3032 possumus]
2385 2962 2533 3030 Ggs.:
2570 2962 2769 3016 nedum

1595 3051 1892 3105 credamus.
1945 3083 2013 3090 —
2062 3067 2200 3104 nam
2246 3051 2345 3104 hoc
2389 3069 2436 3119 q.
2636 3051 2773 3120 quid

1594 3141 1787 3195 attinet
1819 3140 2014 3210 dicere]
2056 3140 2244 3207 „denn
2280 3156 2389 3194 was
2425 3140 2613 3194 bedar}
2648 3140 2683 3193 d
2698 3157 2729 3194 a
2742 3157 2769 3194 s

1596 3230 1693 3283 der
1729 3229 2130 3298 Erwahnung“,
2168 3229 2289 3284 eine
2326 3245 2505 3298 sogen.
2545 3229 2768 3284 Occu·

1598 3319 1794 3388 patio
1844 3335 2012 3386 „cum
2061 3317 2289 3372 dicimus
2334 3334 2431 3372 nos
2478 3318 2769 3388 praeterire

1598 3411 1692 3462 aut
1726 3424 1833 3462 non
1865 3407 2003 3462 scire
2032 3410 2125 3462 aut
2148 3407 2292 3462 nolle
2319 3408 2497 3462 dicere
2524 3407 2594 3476 id,
2631 3409 2771 3478 quod

1597 3500 1727 3550 tunc
1754 3497 1985 3552 maxime
2012 3497 2239 3551 dicimus
2248 3498 2296 3550 “.
2352 3497 2468 3552 Der
2496 3497 2552 3550 in
2579 3497 2769 3564 dieser,

1599 3586 1737 3641 auch
1791 3586 1911 3640 dem
1966 3586 2275 3640 Deutschen
2331 3587 2556 3656 eigenen
2610 3586 2774 3656 Figur

1599 3676 1857 3731 stehende
1904 3675 2185 3730 Gebrauch
2232 3692 2338 3730 von
2386 3693 2523 3730 nam
2577 3676 2776 3730 erklart

1599 3764 1718 3820 sich
1765 3765 1884 3820 hier
1937 3765 2105 3819 durch
2159 3764 2265 3819 den
2314 3765 2629 3819 Gredanken:
2684 3765 2774 3820 ich

1600 3854 1833 3909 brauche
1869 3871 1975 3908 nm·
2008 3855 2103 3908 das
2139 3871 2207 3908 zu
2243 3871 2421 3924 sagen,
2470 3855 2588 3909 dass
2623 3859 2773 3909 nam·

1600 3943 1710 3999 lich
1745 3943 1932 3998 keiner
1965 3944 2141 3998 dieser
2166 3943 2394 4000 Manner
2426 3960 2533 3998 von
2569 3944 2775 3999 seinem

1600 4033 1845 4088 Freunde
1879 4035 2044 4088 etwas
2070 4033 2377 4088 Unrechtes
2411 4034 2777 4103 gesordert

1600 4123 1708 4189 hat,
1746 4123 1887 4177 denn
1922 4140 1975 4177 u.
2014 4139 2055 4177 s·
2094 4139 2160 4177 w.
2200 4155 2267 4163 —-
2313 4123 2372 4176 si
2403 4123 2774 4193 contendisset]

1601 4211 1748 4281 Subj.
1798 4229 1851 4266 u.
1903 4211 2020 4281 obj.
2073 4211 2303 4280 ergeben
2352 4211 2467 4266 sich
2514 4227 2610 4266 aus
2653 4213 2777 4267 dem

1600 4301 2075 4370 vorhergehenden
2102 4301 2273 4356 Satze.
2306 4332 2373 4341 —-
2400 4301 2774 4371 amnon-ssimi]
