3175 4825
1327 318 1370 353 e.
1411 302 1494 356 15.
1535 302 1619 355 16.
2630 297 2703 357 53

424 462 867 528 Constituendi
914 465 1132 527 autem
1179 465 1332 526 sunt
1378 462 1520 543 qui
1565 462 1736 526 sint
1794 462 1872 525 in
1933 462 2301 527 amicitia
2358 460 2575 527 fines
2636 450 2824 527 etlss·

255 570 434 651 quasi
494 569 752 634 termini
811 568 1130 651 diligendi.

253 695 522 758 quarum
568 676 815 741 nullam
861 676 1089 759 probo:
1152 694 1374 753 unam,
1433 678 1507 740 ut
1565 675 1787 740 eodem
1842 675 2027 740 modo
2075 694 2225 758 erga
2270 676 2548 741 amioum
2593 676 2703 740 ad-

252 782 396 848 feeti
443 784 663 860 simuS,
711 802 838 865 quo
886 802 1038 865 erga
1083 785 1334 847 nosmet
1378 782 1583 867 ipsos;
1633 782 1922 859 alteram,
1969 784 2044 846 ut
2088 784 2307 847 nostra
2351 784 2417 847 in
2464 783 2701 847 amieos

251 889 685 954 benevolentia
739 889 997 954 illorum
1053 908 1204 972 erga
1257 908 1373 954 nos
1420 889 1893 955 benevolentiae
1940 891 2180 972 pariter
2226 890 2701 972 aequaliterque

251 995 660 1079 respondeat3
721 996 1006 1073 tertiam,
1067 998 1168 1074 ut,
1226 996 1450 1079 quanti
1499 996 1769 1078 quisque
1818 1014 1886 1061 se
1932 996 2067 1079 ipse
2114 996 2333 1073 faeiat,
2380 997 2546 1060 tanti
2589 996 2704 1061 fiat

253 1102 331 1167 ab
361 1102 600 1167 amieis.
667 1102 918 1168 Harum
949 1103 1148 1168 trium
1179 1102 1644 1167 sententiarum
1676 1102 1839 1166 nulli
1869 1120 2128 1185 prorsus
2161 1102 2499 1168 adsentior.
2568 1104 2703 1169 Nee
2726 1124 2800 1165 ιτ

251 1208 418 1274 enim
463 1209 576 1274 illa
620 1210 828 1293 prima
875 1228 1026 1275 vera
1071 1212 1188 1288 est,
1234 1212 1335 1287 ut,
1383 1228 1574 1291 quem
1622 1209 1702 1273 ad
1746 1208 2010 1274 modum
2055 1209 2122 1273 in
2168 1227 2235 1273 se
2284 1210 2553 1292 quisque
2600 1210 2703 1286 sit,

251 1315 340 1381 sie
384 1316 450 1380 in
497 1317 776 1382 amicum
809 1317 893 1381 sit
926 1316 1267 1381 animatus.
1346 1314 1558 1395 Quam
1586 1317 1797 1380 multa
1829 1316 2016 1393 enim,
2064 1335 2228 1398 quae
2258 1318 2479 1381 nostra
2508 1334 2703 1381 eausa

250 1441 601 1504 numquam
634 1423 1007 1501 faceremus,
1053 1423 1322 1489 facimus
1355 1441 1552 1488 eausa
1582 1423 1964 1488 amicorum!
2010 1423 2255 1506 preeari
2284 1423 2380 1488 ab
2427 1422 2703 1505 indign0,

249 1529 624 1612 supplicare,
670 1532 810 1595 tum
859 1531 1148 1596 acerbius
1194 1531 1260 1595 in
1307 1530 1589 1613 aliquem
1638 1530 1850 1594 invehi
1895 1530 2319 1611 insectarique
2367 1530 2704 1595 vehemen-

248 1635 406 1713 tius,
464 1655 626 1718 quae
673 1636 740 1701 in
785 1638 1022 1702 nostris
1068 1637 1257 1703 rebus
1303 1656 1431 1701 non
1478 1637 1636 1701 satis
1682 1636 1975 1713 honeste,
2031 1637 2097 1700 in
2145 1638 2492 1701 amicorum
2539 1636 2704 1701 fiunt

247 1742 731 1819 honestissime;
791 1744 1159 1825 multaeque
1222 1762 1324 1809 res
1384 1747 1563 1821 sunt,
1623 1744 1689 1807 in
1749 1744 1979 1825 quibus
2039 1743 2115 1808 de
2178 1744 2311 1807 suis
2357 1743 2706 1808 commodis

317 2006 474 2077 Καὶ».
513 2010 605 2064 16.
671 2022 751 2063 56.
800 2008 1178 2063 Constituendi
1205 2050 1216 2061 .
1241 2050 1252 2061 .
1277 2050 1288 2061 .
1319 2013 1422 2062 ter-

244 2096 400 2150 mini
430 2097 725 2167 diliyendi]
763 2098 1042 2152 Naehdem
1069 2098 1267 2152 bereits
1295 2100 1325 2167 ξ
1351 2100 1423 2154 36

245 2186 330 2239 die
367 2186 538 2255 Frage
575 2188 943 2256 ausgeworfen
980 2203 1105 2255 war,
1157 2192 1422 2256 quatenus

245 2292 404 2329 antor
467 2276 534 2329 in
595 2277 853 2330 amicitia
907 2276 1166 2347 proyredi
1225 2277 1418 2343 debeat,

245 2366 356 2419 und
393 2368 604 2420 vorerst
638 2365 756 2421 ihre
783 2366 1198 2436 Beantwortung
1234 2366 1289 2420 in
1326 2367 1424 2421 der

243 2455 678 2524 grundlegenden
728 2456 1098 2525 Bestimmung
1149 2457 1422 2524 gefunden

243 2544 392 2597 hatte
407 2584 422 2610 ,
500 2545 618 2598 dass
681 2545 768 2598 die
832 2544 1244 2598 Freundesliebe
1309 2544 1424 2597 sich

243 2632 496 2702 lediglieh
533 2635 628 2686 aui
674 2635 794 2688 dem
834 2634 1016 2688 Boden
1052 2635 1148 2687 der
1183 2633 1421 2688 Sittlieh-

241 2721 354 2775 keit
405 2739 471 2776 zu
523 2722 830 2791 bethiitigen
879 2722 1042 2790 habe,
1098 2723 1255 2775 kehrt
1308 2739 1421 2774 nun

241 2811 385 2864 nach
440 2812 562 2865 dem
610 2811 823 2866 Schluss
877 2812 972 2866 der
1025 2811 1081 2864 in
1129 2814 1160 2880 ξ
1209 2814 1278 2866 45
1328 2811 1420 2864 be-

239 2915 544 2968 gonnenen‚
579 2901 677 2954 der
703 2900 1298 2969 Auseinandersetzung
1325 2900 1424 2952 mit

241 2989 348 3042 den
415 2989 914 3044 materialistisehen
967 2988 1259 3044 Theorieen
1326 2990 1423 3042 der

239 3077 541 3146 Epikureer
595 3095 646 3132 u.
703 3079 1008 3132 Hedoniker
1069 3079 1422 3148 gewidmeten

239 3166 556 3236 Digression
593 3168 678 3221 die
718 3171 1000 3238 angeregte
1027 3168 1198 3236 Frage
1235 3168 1292 3220 in
1329 3168 1421 3222 be-

239 3257 574 3311 stimmterer
633 3258 865 3327 Fassung
918 3258 1133 3311 wieder.
1191 3288 1260 3296 —
1317 3257 1424 3311 Zur

239 3345 461 3399 Konstr.
514 3347 610 3400 des
647 3346 829 3400 Satzes
867 3346 969 3416 vgl.
1023 3364 1091 3400 zu
1125 3349 1156 3415 ξ
1194 3349 1262 3402 63
1298 3346 1421 3415 qui-

237 3435 375 3488 dam
437 3476 448 3488 .
485 3476 497 3488 .
531 3475 544 3488 .
601 3435 1017 3505 perspiciuntur
1079 3453 1246 3503 quam
1307 3436 1423 3488 sint

238 3524 396 3577 leve-3.
445 3555 513 3562 —
565 3524 818 3594 termini]
869 3524 1296 3592 „Marksteine“.
1353 3556 1421 3563 —

235 3613 412 3682 ferri]
451 3617 584 3666 sent.
621 3613 763 3680 ferre
798 3613 976 3681 heisst,
1026 3612 1127 3665 wie
1165 3614 1314 3665 sonst
1347 3612 1424 3665 im

238 3701 344 3770 eig.
385 3701 552 3756 Sinne
589 3703 783 3770 „seine
821 3703 1060 3769 Stimme,
1099 3700 1214 3755 sein
1246 3701 1420 3756 Urteil

237 3791 548 3860 abgeben“,
605 3806 664 3844 so
719 3792 851 3846 aueh
909 3791 1029 3845 hier
1078 3790 1241 3858 „eine
1291 3791 1422 3844 Ent-

236 3880 541 3949 scheidung
561 3881 822 3934 treffen“.
881 3879 981 3934 Die
1005 3878 1420 3932 verschiedenen

235 3969 716 4037 Entscheidungen
731 3970 947 4023 werden
960 3967 1039 4022 als
1050 3967 1424 4021 Vorsehriften

231 4058 550 4128 angefiihrt,
588 4058 777 4112 darum
805 4064 877 4112 ut.
907 4090 976 4098 —
1005 4057 1266 4126 quarum]
1294 4057 1423 4124 fiige

236 4148 364 4202 eine
403 4147 949 4216 Adversativpartikel
984 4147 1175 4199 hinzu!
1214 4177 1282 4184 —
1325 4146 1422 4198 ad-

230 4237 399 4307 fecti]
440 4253 516 4291 se.
545 4237 760 4290 animis
793 4260 855 4284 ..—..·
881 4236 1172 4291 animatus
1210 4235 1284 4287 im
1320 4235 1422 4288 fol-

229 4328 454 4396 genden
493 4326 812 4395 Paragraph.
863 4357 930 4366 —
973 4323 1189 4394 pariter
1223 4341 1422 4392 aequa-

1530 2006 1770 2075 literque]
1829 2006 1931 2076 vgl.
1990 2024 2055 2061 zu
2105 2010 2135 2076 ξ
2184 2010 2255 2063 32
2302 2024 2469 2076 pares
2519 2012 2567 2060 et
2614 2024 2707 2060 ae-

1529 2096 1727 2165 quale&

1604 2198 1685 2238 57.
1723 2184 1873 2237 nulli
1895 2185 2142 2253 prorsus]
2169 2202 2401 2253 prorsus
2430 2184 2529 2237 mit
2556 2185 2721 2238 einer·

1529 2272 1792 2341 Negation
1856 2272 2165 2326 verbunden
2228 2272 2377 2326 dient
2442 2290 2547 2326 nur
2609 2289 2707 2326 zur

1530 2362 1933 2431 Verseharfung
1967 2361 2143 2416 dieser
2186 2378 2236 2438 u,
2277 2362 2407 2416 wird
2442 2362 2719 2432 gewbhnl,

1529 2451 1632 2505 wie
1660 2451 1883 2504 omnino
1910 2451 2292 2520 naehgestellt3
2324 2492 2354 2519 „
2368 2452 2517 2506 nieht
2542 2457 2703 2522 ganz·

1530 2541 1665 2607 lich,
1718 2540 1921 2609 viillig“
1970 2540 2133 2595 heifst
2180 2541 2267 2594 nie
2316 2559 2428 2594 non
2455 2559 2703 2610 prorsus,

1530 2631 1761 2684 sondern
1814 2647 1926 2683 non
1978 2630 2218 2684 omnino.
2274 2663 2341 2670 —-
2390 2649 2486 2684 nee
2533 2631 2718 2700 enim}
2778 2615 2783 2619 ⁵

1531 2719 1601 2773 ist
1648 2719 1765 2772 hier
1810 2719 1959 2772 nieht
1995 2745 2064 2764 =--
2100 2737 2212 2773 non
2247 2721 2423 2786 enim,
2474 2721 2707 2774 sondern

1529 2808 1655 2862 laist
1709 2808 1797 2861 ein
1850 2825 1944 2861 nee
1998 2809 2192 2875 altera,
2252 2827 2349 2861 nee
2403 2809 2565 2862 tertia
2619 2825 2705 2862 er-

1530 2900 1762 2964 warten3
1786 2897 1919 2950 doeh
1941 2897 2073 2950 wird
2094 2914 2276 2966 wegen
2293 2899 2393 2950 der
2412 2897 2707 2951 zwischen·

1529 2985 1811 3054 gestellten
1884 2985 2246 3054 Begri'mdung
2326 2987 2411 3039 die
2489 2993 2708 3054 sti-enge

1531 3074 1949 3144 Korresponsion
1981 3075 2311 3143 ausgegeben
2330 3093 2380 3128 u.
2400 3074 2587 3144 gleitet
2604 3093 2707 3128 un-

1531 3163 1787 3217 merklieh
1818 3163 1873 3216 in
1901 3163 2021 3217 eine
2048 3164 2243 3217 andere
2272 3164 2429 3217 Form
2458 3163 2608 3217 iiber.
2635 3193 2705 3203 —-

1530 3254 1610 3322 ut]
1640 3254 1740 3306 wie
1769 3253 1841 3305 im
1873 3270 1982 3306 vor.
2013 3252 2332 3322 Paragraph.
2366 3285 2433 3291 —
2460 3253 2721 3320 fae-imus·

1531 3360 1703 3396 etz-usa
1746 3343 2075 3411 amicorum]
2125 3342 2181 3394 in
2224 3342 2399 3411 jedem
2449 3343 2544 3395 der
2592 3342 2708 3396 drei

1532 3432 1753 3486 Wiirter
1789 3431 2072 3485 ehiastiseh
2114 3449 2181 3484 zu
2215 3431 2419 3484 seinem
2453 3431 2574 3500 GgS.
2612 3448 2706 3500 ge·

1530 3520 1703 3588 stellt3
1740 3521 1931 3574 daraus
1959 3520 2155 3574 erkl'art
2181 3520 2293 3574 sieh
2324 3521 2461 3574 aueh
2498 3520 2584 3574 die
2622 3520 2707 3574 bei

1531 3604 1639 3665 Cic.
1690 3614 1839 3664 sonst
1885 3627 1990 3663 nur
2038 3610 2175 3664 noch
2222 3609 2415 3663 einmal
2463 3609 2706 3663 vorkom·

1533 3699 1723 3752 mende
1772 3699 2015 3768 Stellung
2068 3716 2173 3753 von
2222 3717 2407 3753 eausa.
2465 3731 2533 3738 —
2580 3717 2708 3768 pre-

1531 3788 1657 3842 cari
1682 3829 1694 3840 .
1718 3829 1729 3840 .
1753 3829 1765 3841 .
1794 3789 2106 3858 supplicare
2144 3790 2265 3857 ete]
2304 3789 2613 3857 Epexegese
2641 3805 2707 3842 zu

1531 3879 1722 3931 multa.
1763 3910 1829 3916 —
1868 3878 1936 3931 ab
1973 3878 2223 3946 indigno]
2263 3877 2363 3931 Die
2392 3877 2725 3946 Erganzung·

1532 3967 1604 4020 ist
1657 3983 1751 4020 aus
1798 3967 2026 4036 precari
2079 3984 2146 4020 zu
2213 3966 2461 4019 nehmen.
2519 3998 2587 4005 —
2644 3967 2710 4020 in

1531 4056 1737 4110 nostris
1773 4056 1899 4126 reb]
1949 4073 2141 4124 „wenn
2190 4071 2248 4110 es
2296 4054 2411 4108 sich
2451 4095 2463 4106 .
2488 4096 2499 4108 .
2524 4095 2535 4108 .
2574 4055 2709 4110 han·

1532 4145 1705 4199 delt‘fl
1756 4177 1825 4184 --
1878 4162 1988 4198 non
2034 4145 2173 4198 satis
2222 4144 2434 4197 honeste
2472 4184 2485 4198 .
2520 4185 2531 4196 .
2565 4186 2576 4197 .
2615 4145 2712 4198 lw-

1531 4234 1860 4303 nestissime]
1892 4233 2084 4301 „nieht
2112 4233 2264 4288 recht
2292 4232 2391 4285 mit
2414 4232 2595 4288 Ehren
2625 4274 2637 4286 .
2661 4275 2672 4287 .
2696 4275 2711 4287 .

1531 4323 1671 4376 wohl
1724 4322 1909 4376 abe1·“.
1962 4355 2029 4362 —-
2084 4323 2403 4390 multaeque]
2460 4340 2561 4391 que
2616 4323 2711 4376 ab·

1483 569 1495 582 .
1925 568 1938 581 .
2380 568 2392 581 .
2506 568 2515 575 .
2665 569 2677 582 .
2724 536 2787 578 σε

1233 568 1330 633 De
1391 569 1623 650 qulbus
1691 570 1821 633 tres
1881 568 2061 633 Video
2122 570 2471 633 sententias
2531 568 2701 645 ferri,
