3175 4825
363 272 438 335 52
1150 273 1420 329 Ciceronis
1456 273 1671 328 Laelius
1708 275 1773 327 de
1812 274 2043 328 amicitia

370 456 560 519 quem
608 436 761 513 dixi,
805 455 1013 501 mores
1059 455 1240 501 veros
1289 436 1525 501 amicos
1571 455 1797 520 parare
1843 456 1971 501 non
2018 440 2394 519 potuerunt,
2454 438 2550 503 sic.
2590 439 2830 503 multo-

369 563 514 608 rum
577 562 724 626 opes
784 543 1297 627 praepotentium
1359 543 1705 607 excludunt
1764 544 2075 609 amicitias
2122 544 2357 608 fideles,
2452 544 2595 609 Non
2655 546 2826 610 enim

371 652 578 715 solum
638 650 778 733 ipsa
832 650 1116 715 Fortuna
1175 668 1362 714 caeca
1421 652 1547 727 est,
1608 650 1721 715 sed
1781 670 1885 715 eos
1943 650 2136 715 etiam
2196 651 2573 733 plerumque
2632 652 2836 717 efficit

371 775 607 833 caecoS,
655 775 813 839 quos
861 757 1185 840 complexa
1232 759 1364 830 est;
1425 756 1645 837 itaque
1694 756 2045 822 efferuntur
2092 756 2220 821 fere
2268 756 2523 822 fastidio
2570 762 2635 823 et
2681 778 2830 822 con-

372 864 668 940 tumacia,
699 882 818 927 nec
842 863 1186 946 quicquam
1217 863 1552 945 insipiente
1586 862 1909 928 fortunato
1940 864 2402 928 intolerabilius
2433 864 2570 929 fieri
2597 868 2833 947 potest.

372 972 583 1052 Atque
631 971 750 1034 hoc
795 969 1052 1052 quidem
1097 970 1309 1035 videre
1357 970 1534 1048 licet,
1596 988 1731 1047 eos,
1791 970 1902 1052 qui
1961 973 2151 1035 antea
2196 971 2541 1035 commodis
2590 970 2836 1035 fuerint

371 1077 683 1154 moribuS,
728 1077 1018 1160 imperio,
1062 1078 1406 1159 potestate,
1451 1078 1767 1161 prosperis
1815 1079 2004 1142 rebus
2050 1077 2380 1142 immutari
2393 1078 2439 1159 [,
2487 1078 2700 1160 sperni
2746 1078 2836 1143 ab

287 1202 348 1244 ιε»
373 1184 450 1247 iis
497 1186 744 1248 veteres
777 1184 1108 1260 amicitiaS,
1155 1183 1471 1265 indulgeri
1517 1184 1747 1266 novis].
1825 1182 1990 1263 Quid
2040 1187 2257 1249 autem
2304 1184 2567 1248 stultius
2615 1202 2836 1266 quam,

375 1309 522 1355 cum
567 1290 916 1373 plurimum
962 1290 1184 1373 copiis,
1241 1290 1684 1367 facultatibus,
1740 1290 1963 1373 opibus
2009 1291 2280 1374 possint,
2326 1292 2538 1355 cetera
2584 1309 2837 1373 parare,

377 1415 539 1479 quae
598 1400 908 1480 parantur
966 1397 1259 1480 pecunia,
1319 1415 1543 1478 equoS,
1603 1397 1907 1475 famuloS,
1965 1400 2210 1463 vestem
2268 1398 2617 1479 egregiam,
2674 1416 2840 1463 vasa

373 1504 685 1587 pretiosa:
750 1504 984 1569 amicos
1028 1523 1155 1567 non
1200 1522 1454 1586 parare,
1501 1504 1809 1587 optimam
1857 1506 1923 1568 et
1967 1504 2462 1587 pulcherrimam
2509 1503 2707 1581 vitae,
2754 1507 2840 1568 ut

373 1610 466 1674 ita
512 1610 746 1688 dicam,
793 1610 1300 1694 supellectilem?
1390 1610 1647 1675 Etenim
1693 1613 1906 1676 cetera
1952 1630 2099 1675 cum
2145 1612 2391 1694 parant,
2434 1610 2539 1675 cui
2584 1614 2837 1694 parent,

372 1718 694 1794 nesciunt,
751 1736 870 1782 nee
914 1717 1095 1781 cuius
1141 1735 1336 1782 causa
1382 1718 1705 1791 laborent;
1766 1718 1901 1783 eius
1962 1718 2130 1782 enim
2188 1720 2288 1782 est
2331 1718 2601 1782 istorum
2649 1717 2839 1800 quid·-

376 1842 527 1906 que,
588 1823 698 1905 qui
752 1824 904 1889 vicit
949 1824 1222 1888 viribus:
1287 1824 1715 1889 amicitiarum
1762 1842 1879 1889 sua
1925 1825 2155 1906 cuique
2200 1826 2536 1908 permanet
2581 1825 2837 1888 stabilis

376 1932 442 1995 et
500 1933 674 1994 certa
733 1930 1063 2013 possessio.
1157 1930 1282 1995 Sed
1342 1930 1598 1995 etiamsi
1655 1931 1767 2003 illa
1824 1933 2155 2008 maneant,
2217 1949 2380 2012 quae
2435 1933 2590 1995 sunt
2646 1931 2835 2012 quasi

376 2037 540 2101 dona
570 2037 906 2114 Fortunae,
953 2040 1170 2101 tamen
1202 2038 1334 2101 vita
1364 2038 1609 2101 inculta
1654 2040 1719 2103 et
1765 2038 2017 2103 deserta
2066 2038 2143 2102 ab
2192 2038 2584 2102 amicis'non
2630 2037 2843 2121 possit

376 2162 515 2208 esse
562 2144 856 2213 iucunda.
950 2144 1074 2209 Sed
1121 2145 1278 2209 haec
1323 2145 1657 2209 hactenus.

377 2338 727 2407 einfiihrend,
783 2339 887 2392 den
935 2327 1223 2407 sJbergang
1274 2355 1394 2392 vom
1445 2338 1548 2392 Be-

377 2429 640 2482 sonderen
679 2445 802 2481 zum
839 2427 1208 2496 Allgemeinen
1247 2427 1443 2496 (huius
1481 2460 1548 2467 -

1734 2352 1814 2391 ⁶⁵.
1867 2340 2056 2407 cetera]
2105 2338 2225 2392 hier
2272 2338 2467 2392 ebenso
2518 2336 2619 2391 wie
2663 2340 2838 2391 unten:

1657 2428 1997 2497 proleptisoh.
2054 2460 2122 2467 —
2178 2446 2315 2496 quae
2355 2429 2655 2497 parantur]
2710 2427 2845 2479 Wir

374 2518 708 2584 multorum),
757 2516 942 2570 weiter
977 2519 1146 2570 unten
1181 2518 1416 2585 dagegen
1453 2517 1552 2570 mit

376 2605 770 2674 bestatigender
796 2606 956 2659 Krast
983 2605 1088 2658 den
1117 2595 1402 2674 &bergang
1429 2622 1552 2659 vom

376 2694 748 2763 Allgemeinen
777 2694 899 2746 zuin
927 2694 1268 2748 Besonderen
1298 2697 1422 2762 (von
1445 2695 1549 2747 den

378 2782 800 2837 Gliickskindern
828 2782 1130 2851 iiberhaupt
1154 2801 1222 2836 zu
1239 2784 1343 2836 den
1361 2783 1552 2836 friiher

376 2871 891 2940 liebenswiirdigen).
943 2903 1010 2911 —-
1060 2872 1228 2926 huius
1267 2913 1278 2924 .
1309 2913 1321 2925 .
1357 2913 1368 2926 .
1407 2873 1550 2926 mul-

377 2962 576 3029 torum]
615 2961 721 3014 Um
751 2960 934 3015 diesen
961 2961 1315 3016 Ausdriicken
1345 2961 1430 3015 die
1458 2961 1552 3015 be·

378 3052 524 3104 tonte
570 3049 733 3104 Stelle
784 3067 850 3103 zu
899 3050 1141 3118 wahren,
1193 3051 1368 3105 iibers.
1419 3049 1551 3116 „bei

379 3179 390 3191 .
415 3179 426 3190 .
451 3142 517 3191 .“.
558 3171 625 3178 —
663 3157 794 3207 quos
826 3141 1100 3208 complexa
1134 3141 1230 3208 est]
1263 3139 1384 3192 Wir
1418 3139 1549 3192 iihn-

377 3228 511 3281 lich:
568 3228 698 3295 „die
752 3229 848 3282 des
899 3227 1126 3281 Gliickes
1175 3228 1553 3283 Schosskinder

379 3317 556 3371 sind“.
596 3349 664 3356 --
700 3317 828 3384 fast.
866 3323 914 3370 et
950 3318 1206 3385 contum]
1250 3316 1350 3383 „in
1386 3317 1550 3370 hoch-

377 3406 694 3460 fahrendem
713 3405 866 3458 Trotz
879 3409 925 3457 “.
957 3437 1024 3445 -
1054 3405 1222 3474 insip.
1252 3406 1549 3475 fortunato]

377 3493 479 3548 Ein
514 3493 1002 3548 substantiviertes
1062 3495 1183 3562 Adj.
1249 3511 1410 3548 masc.
1476 3495 1550 3547 im
1608 3487 1613 3491 ’

379 3582 521 3651 Sing.
561 3583 704 3651 (fort.
738 3607 800 3626 =
836 3581 1248 3652 „Gliickspilz“)
1286 3584 1426 3638 kann
1465 3584 1550 3638 ein

379 3672 602 3726 anderes
628 3671 750 3739 Adj.
789 3671 867 3724 als
895 3672 1134 3725 Attribut
1171 3691 1238 3726 zu
1266 3673 1382 3726 sich
1416 3673 1550 3728 neh-

377 3777 520 3815 men.
542 3793 608 3800 —
638 3760 884 3829 imperio,
907 3763 1182 3831 potestate]
1210 3762 1455 3816 Ersteres
1483 3761 1553 3816 ist

378 3849 480 3916 die,
510 3849 762 3921 iibrigens
788 3866 912 3903 vom
932 3849 1269 3904 Weichbilde
1287 3851 1384 3904 der
1401 3851 1553 3905 stadt

377 3939 512 3992 Rom
561 3938 1029 4008 ausgeschlossene
1076 3979 1107 4006 „
1120 3939 1550 4008 Militargewalt“

378 4029 475 4081 der
501 4027 760 4094 Konsuln,
789 4028 1047 4082 Pratoren
1075 4029 1182 4082 und
1212 4028 1550 4098 Statthalter3

371 4121 605 4185 potestas
668 4117 739 4170 ist
799 4117 884 4171 die
938 4117 1342 4186 Amtsbefugnis
1402 4117 1551 4185 jedes

378 4205 683 4274 Magistrats
719 4206 1000 4260 innerhalb
1028 4206 1206 4260 seiner
1232 4206 1449 4274 Sphare.
1484 4239 1548 4246 —

373 4294 588 4364 sperni]
627 4297 938 4364 Asyndeton
975 4294 1370 4364 explicativum.

1658 2518 1825 2586 fiigen
1862 2517 2205 2586 ‚,k6nnen“
2242 2516 2422 2583 hinzu,
2461 2515 2566 2586 vgl.
2598 2515 2747 2572 Caes,
2767 2516 2839 2569 B.

1661 2606 1721 2660 G.
1750 2609 1799 2673 1,
1819 2609 1869 2673 6,
1892 2605 1953 2661 2:
1980 2606 2313 2673 „Rhodanus
2339 2606 2475 2659 vado
2503 2605 2839 2670 transitur-“;

1658 2696 1780 2748 dem
1817 2694 2066 2749 Lateiner
2102 2694 2304 2763 ergiebt
2340 2693 2456 2748 sich
2490 2695 2587 2748 der
2621 2694 2844 2762 Begriff

1658 2784 1754 2838 der
1787 2783 2127 2852 Moglichkeit
2172 2782 2517 2837 unmittelbar
2564 2799 2661 2837 aus
2708 2784 2839 2837 dem-

1659 2873 1883 2926 Faktum
1930 2871 2004 2926 sel
2014 2872 2109 2926 bst.
2186 2873 2254 2927 So
2292 2873 2506 2926 werden
2550 2872 2687 2926 auch
2736 2889 2839 2926 an·

1658 2963 1785 3015 dere
1838 2961 1915 3014 im
1968 2962 2033 3015 D.
2087 2961 2203 3014 rein
2258 2947 2699 3030 phraseologisoh‘
2740 2977 2841 3030 ge-

1658 3050 1913 3104 brauchte
1950 3049 2260 3103 Hilfsverba
2293 3050 2369 3103 im
2400 3051 2515 3104 Lat.
2554 3050 2705 3103 nicht
2740 3051 2844 3105 be-

1659 3141 1878 3193 sonders
1914 3139 2283 3208 ausgedriickt,
2322 3157 2366 3193 z.
2405 3139 2467 3192 B.
2507 3142 2537 3208 ξ
2576 3141 2646 3194 95
2681 3139 2843 3192 iudi-

1659 3247 1783 3282 care
1816 3230 1944 3282 solet
1986 3245 2121 3297 „we
2137 3227 2229 3283 iss
2265 3227 2599 3297 gewohnlioh
2636 3245 2704 3281 zu
2741 3228 2841 3282 be—

1660 3317 1950 3384 urteilen“,
2015 3320 2083 3374 37
2140 3335 2347 3386 poenas
2404 3317 2663 3386 persolvit
2728 3333 2847 3384 „er

1660 3408 1804 3462 mus
1814 3410 1921 3461 ste
1985 3407 2239 3460 biissen“.
2307 3437 2374 3445 —
2438 3423 2551 3459 vwn
2606 3407 2843 3474 parare}

1661 3496 1835 3566 „aber
1869 3495 2021 3549 nicht
2034 3498 2082 3561 “,
2122 3495 2225 3564 vgl.
2267 3513 2334 3548 zu
2369 3497 2400 3564 ξ
2428 3497 2497 3551 19
2534 3512 2598 3548 ew
2630 3494 2842 3548 amici-

1660 3585 1743 3639 tia
1786 3602 1899 3638 mm
1935 3589 2121 3654 potest.
2170 3616 2238 3623 —
2286 3584 2387 3653 qui
2428 3583 2563 3638 vicit
2596 3583 2847 3652 viribus}

1661 3674 1889 3728 beliebte
1918 3672 2291 3728 Allitteration.
2353 3674 2562 3728 vincere
2599 3673 2845 3728 absolut:

1661 3803 1692 3831 ‚,
1709 3760 1995 3831 iiberlegen
2058 3761 2176 3816 sein
2193 3765 2241 3814 “.
2316 3794 2385 3802 —
2459 3762 2642 3816 Lalius
2708 3762 2847 3817 lassi:

1660 3851 1777 3905 hier
1830 3851 1915 3906 die
1964 3851 2277 3920 BesorgniS,
2335 3851 2433 3904 mit
2481 3853 2579 3905 der
2633 3868 2694 3904 er
2743 3852 2847 3905 auf·

1660 3940 1745 3994 die
1795 3940 2111 3994 waohsende
2158 3939 2539 3995 Unsicherheit
2592 3941 2688 3994 der
2740 3941 2837 3993 da-

1660 4028 1889 4098 maligen
1962 4028 2333 4083 Verhffltnisse
2415 4029 2579 4083 blickt
2594 4071 2607 4098 ‚
2690 4029 2839 4082 stark

1660 4118 2045 4171 hervortreten.
2096 4150 2160 4158 -
2220 4118 2629 4187 amicitiarum]
2677 4158 2711 4185 „
2726 4133 2847 4171 was

1661 4207 1787 4261 aber
1816 4247 1827 4259 .
1847 4248 1858 4259 .
1878 4248 1889 4259 .
1920 4206 2180 4261 betrifft‘fl
2212 4239 2279 4246 -
2319 4207 2551 4276 inculta]
2592 4223 2845 4274 „unver-

1659 4297 1966 4350 schonert“.
