3175 4825
1353 308 1397 344 c.
1437 292 1521 348 25.
1562 294 1647 348 26.
2654 290 2721 352 77

275 452 548 518 delectat
595 453 975 530 adsentatio,
1036 455 1136 518 his
1183 454 1370 519 fictus
1420 454 1499 517 ad
1544 455 1830 537 ipsorum
1882 455 2277 519 voluntatem
2327 474 2531 520 sermo
2579 476 2726 520 cum

276 560 627 637 adhibetur,
673 561 1021 625 orationem
1051 561 1229 625 illam
1261 579 1493 624 vanam
1525 562 1963 625 testimonium
1998 580 2134 625 esse
2165 562 2427 626 laudum
2464 581 2726 627 suarum

277 668 520 748 putant.
596 666 794 730 Nulla
826 669 925 731 est
956 667 1152 748 igitur
1181 668 1340 731 haec
1374 667 1675 743 amicitia,
1724 687 1867 732 cum
1902 669 2063 732 alter
2097 687 2316 732 verum
2349 669 2568 733 audire
2601 689 2723 732 non

277 774 426 849 vult,
475 774 638 837 alter
683 773 762 837 ad
797 774 1237 838 mentiendum
1270 776 1534 856 paratus
1568 777 1685 838 est.
1764 774 1898 839 Nec
1929 775 2352 857 parasitorum
2385 776 2450 840 in
2483 795 2725 841 comoe-

273 880 388 943 diis
439 879 794 944 adsentatio
840 880 1047 945 faceta
1092 881 1272 945 nobis
1312 881 1650 956 videretur,
1696 881 1818 946 nisi
1866 885 2080 946 essent
2126 882 2360 946 milites
2409 883 2677 965 gloriosi.

712 987 1024 1069 „Magnas
1071 1006 1217 1051 vero
1265 1006 1450 1068 agere
1499 988 1739 1070 gratias
1786 988 1979 1052 Thais
2025 989 2273 1052 mihi?“

276 1093 444 1158 Satis
479 1097 615 1157 erat
648 1094 1024 1176 respondere
1073 1100 1462 1176 „magnas“:

1511 1094 1891 1176 „ingentes“
1939 1095 2164 1176 inquit.
2237 1095 2500 1179 Semper
2532 1099 2724 1178 auget

275 1201 643 1264 adsentator
699 1201 793 1277 id,
855 1200 1021 1282 quod
1082 1201 1167 1277 ie,
1226 1202 1406 1264 cuius
1471 1201 1550 1265 ad
1614 1203 2007 1265 voluntatem
2068 1202 2327 1279 dicitur,
2390 1203 2528 1266 vult
2586 1222 2722 1267 esse

273 1327 596 1390 magnum.
674 1306 884 1386 Quam
931 1309 1008 1372 ob
1055 1326 1209 1384 rem,
1259 1326 1651 1389 quamquam
1683 1309 1917 1372 blanda
1946 1309 2072 1372 ista
2105 1309 2353 1372 vanitas
2402 1309 2567 1392 apud
2617 1329 2723 1374 eos
2746 1330 2808 1370 99

274 1416 469 1492 valet,
518 1415 628 1496 qui
673 1415 794 1497 ipsi
840 1415 1017 1479 illam
1067 1415 1391 1479 adlectant
1437 1417 1501 1479 et
1547 1416 1848 1493 invitant,
1901 1417 2114 1480 tamen
2164 1416 2357 1480 etiam
2406 1417 2724 1498 graviores

274 1522 861 1603 constantioresque
897 1522 1273 1585 admonendi
1307 1525 1474 1599 sunt,
1522 1524 1595 1585 ut
1642 1522 2168 1599 animadvertant,
2213 1542 2293 1587 ne
2341 1523 2570 1587 callida
2618 1524 2725 1587 ad-

274 1629 627 1693 sentatione
663 1629 1011 1711 capiantur.
1080 1630 1315 1711 Aperte
1349 1630 1518 1693 enim
1551 1629 1921 1693 adulantem
1966 1648 2152 1694 nemo
2198 1650 2319 1694 non
2370 1631 2556 1706 videt,
2602 1631 2724 1694 nisi

276 1736 382 1817 qui
432 1736 773 1799 admodum
823 1739 922 1799 est
967 1754 1214 1800 excors:
1280 1736 1544 1799 callidus
1591 1736 1697 1800 ille
1747 1739 1811 1800 et
1857 1737 2141 1800 occultus
2188 1755 2265 1801 ne
2315 1756 2381 1801 se
2428 1738 2723 1815 insinuet,

274 1842 552 1907 studiose
601 1842 953 1907 cavendum
1003 1844 1134 1916 est;
1182 1862 1299 1907 nec
1333 1844 1499 1906 enim
1532 1842 1831 1907 facillime
1866 1843 2287 1925 adgnoscitur‚
2338 1845 2567 1927 quippe
2616 1845 2725 1926 qui

274 1950 472 2013 etiam
521 1949 909 2013 adversando
959 1967 1146 2032 saepe
1195 1949 1566 2014 adsentetur
1628 1952 1691 2014 et
1749 1950 1996 2032 litigare
2060 1969 2125 2014 se
2184 1951 2491 2015 simulans
2547 1951 2726 2015 blan-

273 2056 488 2120 diatur
535 2059 726 2138 atque
776 2056 852 2119 ad
904 2058 1258 2120 extremum
1307 2057 1416 2120 det
1461 2076 1689 2121 manus
1738 2058 2027 2138 vincique
2077 2076 2142 2122 se
2191 2058 2487 2140 patiatur,
2536 2060 2611 2121 ut
2653 2059 2726 2136 ie,

275 2164 384 2244 qui
430 2164 677 2226 inlusus
726 2164 826 2239 sit,
872 2164 1018 2246 plus
1068 2163 1298 2228 vidisse
1346 2164 1659 2228 videatur.
1753 2162 1917 2242 Quid
1966 2167 2184 2228 autem
2232 2165 2481 2248 turpius
2532 2184 2724 2246 quam

271 2269 472 2332 inludi
489 2271 521 2331 ¹?

271 2536 411 2605 deri]
451 2552 522 2590 sc.
554 2535 801 2604 praediti
833 2553 956 2589 esse.
1010 2568 1076 2575 -
1125 2538 1320 2606 sermo]
1359 2536 1444 2590 die

270 2625 716 2694 gesprachsweise
763 2641 828 2678 an
865 2625 1078 2694 jemand
1115 2625 1445 2693 gerichteten

272 2714 477 2781 Worte‚
498 2714 673 2768 oratio
688 2714 772 2768 die
784 2714 973 2768 Worte
993 2714 1047 2766 in
1065 2714 1213 2768 ihrer
1223 2715 1449 2769 Absicht

274 2803 368 2856 aui
383 2802 470 2855 die
489 2803 767 2872 Wirkung.
791 2835 857 2843 —
885 2804 1035 2872 haec]
1063 2803 1262 2858 erklart
1278 2804 1446 2857 durch

271 2892 375 2946 den
405 2891 527 2946 Satz
565 2891 665 2945 mit
689 2909 828 2946 cum.
859 2924 928 2933 -
957 2892 1160 2946 milites
1187 2893 1445 2961 qloriosi]

273 2982 400 3034 Von
429 2980 646 3035 solchen
673 2980 1054 3036 militaiischen
1080 2980 1446 3035 Prahlhiinsen

270 3069 343 3123 ist
377 3070 474 3123 der
509 3070 853 3124 bekannteste
890 3071 988 3124 der
1014 3070 1448 3139 Pyrgopolinices

271 3159 823 3226 (‚‚Mauerstiirmer“)
860 3160 953 3213 des
990 3160 1212 3213 Plautus
1247 3159 1304 3211 in
1341 3159 1444 3212 sei-

271 3263 396 3300 nem
423 3247 688 3316 Lusispiel
728 3248 927 3315 „Miles
963 3248 1279 3316 gloriosus“.
1345 3248 1446 3303 Die

271 3335 398 3404 folg.
447 3336 634 3390 Worte
684 3341 799 3406 (aus
842 3338 1058 3391 Terenz'
1105 3337 1345 3392 Eunuch.
1395 3340 1446 3405 3,

275 3428 336 3490 1,
389 3425 443 3491 1)
494 3423 691 3478 richtet
727 3425 814 3480 ein
856 3426 1079 3480 anderer
1113 3426 1446 3493 Braniarba8‚

270 3513 468 3567 Thraso
506 3517 632 3582 (von
671 3515 904 3587 θρασύς)
955 3514 1052 3567 mit
1089 3515 1326 3582 Namen‚
1380 3532 1446 3568 an

273 3602 458 3656 seinen
515 3603 792 3658 Parasiten
858 3604 1064 3658 Gnatho
1128 3603 1447 3673 (gleichfalls
1559 3607 1679 3656 ...⁴⁴

273 3692 360 3746 ein
423 3708 600 3761 sogen.
669 3694 1013 3762 ‚‚redender“
1077 3692 1277 3761 Name,
1347 3710 1448 3746 von

273 3787 486 3851 γνάθος
505 3780 890 3848 Kinnbacken).
938 3782 1134 3836 Thraso
1154 3782 1247 3835 hat
1265 3782 1448 3836 diesen

273 3870 370 3922 mit
407 3870 583 3924 einem
613 3871 892 3924 Geschenk
929 3887 994 3925 an
1033 3871 1180 3924 seine
1210 3871 1446 3926 Geliebte

269 3959 546 4024 geschickt
593 3977 643 4012 u.
699 3959 976 4030 ‹srkundigt
1024 3959 1137 4014 sich
1193 3977 1306 4013 nun
1356 3962 1446 4014 da-

271 4048 427 4114 nach‚
468 4049 566 4102 wie
605 4049 682 4102 sie
712 4065 769 4102 es
798 4050 1204 4118 aufgenommen
1239 4049 1346 4102 hat.
1379 4082 1444 4088 —

272 4153 505 4206 magmas
560 4155 680 4191 vero
734 4154 890 4206 ayere
944 4139 1066 4206 eta]
1134 4141 1294 4207 „sagt
1347 4137 1450 4190 mir

271 4225 382 4280 also
421 4225 661 4280 wirklich
702 4227 868 4279 ...?“
933 4227 1045 4282 Der
1081 4226 1446 4292 afiektvollem

271 4314 606 4383 dringenden
642 4315 810 4384 Frage
861 4331 1205 4384 angemessen
1254 4316 1325 4370 ist
1359 4316 1446 4370 die

383 4404 655 4459 Cronaoms
683 4405 910 4459 Lamus
937 4422 1003 4460 m:
1030 4422 1277 4460 amcam.

615 2267 797 2347 Quod
847 2272 921 2333 ut
966 2289 1044 2333 ne
1095 2270 1355 2347 accidat,
1403 2271 1607 2352 magis
1656 2270 2005 2334 cavendum
2056 2273 2186 2335 est:

1553 2537 1711 2591 Form
1749 2539 1842 2591 des
1892 2537 1946 2590 in
1996 2536 2269 2590 lebhaften
2306 2535 2726 2605 Schilderimgen

1551 2625 1997 2694 gebrauchlichen
2014 2667 2027 2693 ,
2079 2624 2328 2694 lediglich
2377 2626 2480 2679 den
2517 2624 2728 2694 Begriff

1553 2716 1648 2769 des
1704 2716 1877 2769 Verbs
1941 2715 2078 2769 ohne
2143 2715 2359 2768 weitere
2418 2714 2729 2782 Beziehuug

1553 2804 1994 2857 ausdriickenden
2032 2803 2320 2858 Infinitive.

1631 2906 1711 2947 99.
1751 2893 1951 2946 blanda
2112 2893 2352 2961 vanitas]
2392 2893 2513 2945 wir
2549 2909 2726 2961 Sagen,

1554 2983 1649 3035 das
1677 2980 1984 3035 Verhiiltnis
2021 2997 2124 3035 von
2162 2983 2280 3050 Adj.
2314 2998 2364 3033 u.
2396 2981 2570 3036 Subst.
2609 2999 2726 3034 um-

1555 3070 1817 3123 kehrend:
1883 3070 2083 3137 „hohle
2148 3069 2595 3124 Schmeichelei“.
2661 3102 2727 3109 —

1555 3160 1705 3228 apud
1750 3161 1855 3228 eos]
1909 3175 2054 3224 „nur
2093 3200 2103 3210 .
2141 3199 2152 3210 .
2189 3161 2252 3212 .“.
2304 3191 2372 3198 -
2422 3176 2489 3212 ow
2524 3159 2730 3212 callida

1554 3248 1922 3302 adsentatione
1970 3248 2285 3318 capiantur]
2334 3247 2455 3299 Wir
2504 3248 2729 3301 vervoll-

1557 3337 1835 3405 standigen
1899 3338 2003 3390 den
2071 3337 2355 3391 bildlichen
2422 3337 2727 3391 Ausdruck:

1558 3427 1687 3492 „die
1753 3427 1805 3482 N
1821 3429 1971 3479 etze
2037 3426 2284 3480 schlauer
2346 3425 2731 3480 Schmeichelei

1558 3557 1605 3567 ..
1631 3519 1693 3567 .“.
1753 3548 1817 3554 -
1885 3516 2119 3569 callidus
2175 3515 2286 3585 illc]
2347 3515 2474 3582 „bei
2529 3515 2730 3570 diesem

1685 3645 1694 3655 .
1727 3637 1793 3643 —
1823 3621 1918 3658 nec
2078 3604 2365 3673 facillime]
2406 3605 2620 3658 LitoteS.
2662 3637 2728 3644 —

1555 3693 1924 3762 adyvzoscitur]
1976 3693 2053 3747 als
2101 3694 2224 3762 daS,
2273 3709 2381 3747 was
2433 3711 2493 3748 er
2538 3693 2620 3746 ist.
2663 3727 2729 3733 —

1555 3783 1638 3836 det
1675 3785 1897 3852 man-us]
1949 3799 2055 3836 von
2093 3784 2195 3836 den
2238 3783 2576 3837 Gladiatoron
2616 3787 2731 3836 ent-

1555 3871 1731 3939 lehnt,
1782 3871 1895 3938 die,
1946 3889 2102 3926 wenn
2154 3872 2231 3926 sie
2279 3873 2398 3925 dein
2438 3872 2576 3926 Tode
2616 3875 2731 3926 ent-

1555 3960 1725 4029 gehen
1767 3961 1995 4027 wolsten,
2039 3961 2210 4014 durch
2246 3961 2338 4015 das
2375 3961 2727 4017 Hinstreckeu

1556 4051 1654 4103 der
1703 4050 1892 4103 Hiinde
1942 4050 2056 4104 sich
2114 4050 2477 4104 iiberwunden
2532 4051 2730 4120 gaben3

1557 4139 1658 4192 wir
1683 4139 1783 4191 mit
1809 4138 2113 4194 ‘ahnlichem
2141 4139 2320 4193 Bilde:
2351 4139 2479 4206 „die
2508 4139 2730 4193 Waflen

1557 4228 1863 4282 strecken“.
1904 4260 1971 4268 -
2003 4229 2133 4298 plus
2160 4228 2380 4297 vidisse]
2411 4228 2614 4296 „tiefer
2639 4245 2730 4296 ge-

1559 4317 1723 4371 blickt
1760 4334 1829 4371 zu
1864 4316 2097 4372 haben“.
2139 4349 2205 4358 --
2254 4316 2456 4387 mayis]
2495 4317 2592 4370 mit
2628 4317 2730 4370 Be-

2270 4409 2301 4460 6
