3175 4825
1395 276 1438 313 ο.
1480 262 1563 314 19.
1604 261 1689 314 20.
2698 256 2772 317 63

315 422 520 487 officia
569 423 1116 505 exprobrantium!
1181 441 1343 504 quae
1390 422 1757 486 meminisse
1806 421 1995 485 debet
2048 422 2130 498 ie,
2190 421 2255 483 in
2305 440 2496 502 quem
2541 422 2773 486 collata

317 533 498 605 sunt,
543 549 672 593 non
719 548 1240 605 commemorare,
1289 530 1398 609 qui
1444 529 1730 594 contulit.

1823 527 2032 606 Quam
2080 528 2157 591 ob
2204 547 2367 605 rem,
2415 530 2487 592 ut
2530 529 2601 605 ii,
2662 528 2774 609 qui
2794 546 2858 588 η

320 638 674 720 superiores
737 640 918 713 sunt,
988 635 1365 699 submittere
1429 653 1496 699 se
1558 635 1791 700 debent
1849 635 1914 697 in
1973 634 2284 711 amicitia,
2344 636 2435 699 sic
2498 636 2773 716 quodam

317 744 504 808 modo
563 743 890 808 inferiores
948 762 1015 805 se
1074 742 1390 807 extollere.

1498 741 1665 807 Sunt
1723 742 1892 806 enim
1954 741 2242 823 quidam,
2303 742 2412 822 qui
2469 743 2773 805 molestas

319 852 632 915 amicitias
678 849 951 925 faciunt,
1011 868 1158 913 cum
1218 850 1341 932 ipsi
1399 867 1466 913 se
1527 848 1848 913 contemni
1903 850 2170 931 putant:
2234 848 2401 930 quod
2455 867 2580 912 non
2642 847 2773 912 fere

317 958 628 1039 contingit
672 957 797 1020 nisi
840 956 938 1033 iis,
986 956 1096 1037 qui
1141 956 1335 1020 etiam
1383 956 1876 1020 contemnendos
1925 974 1991 1019 se
2040 955 2451 1031 arbitrantur,
2500 954 2610 1036 qui
2656 954 2776 1017 hac

317 1064 610 1147 opinione
655 1082 783 1126 non
830 1062 1016 1126 modo
1050 1062 1274 1139 verbiS,
1321 1062 1432 1125 sed
1480 1062 1675 1126 etiam
1722 1081 1906 1145 opere
1954 1061 2201 1126 levandi
2252 1064 2422 1125 sunt.
2497 1061 2775 1125 Tantum
2796 1079 2859 1121 τε

319 1172 535 1234 autem
583 1170 811 1250 cuique
858 1168 1296 1245 tribuendum,
1357 1169 1637 1251 primum
1698 1172 2010 1249 quantum
2070 1170 2203 1251 ipse
2261 1167 2507 1233 efficere
2554 1168 2775 1250 possiS,

320 1276 546 1341 deinde
595 1276 790 1339 etiam
838 1277 1154 1356 quantum
1202 1276 1326 1352 ille,
1375 1294 1567 1357 quem
1614 1276 1842 1357 diligas
1890 1278 2081 1357 atque
2116 1274 2394 1352 adiuveS,
2442 1276 2776 1339 sustinere.

319 1383 461 1447 Non
509 1384 678 1447 enim
725 1400 931 1463 neque
979 1386 1053 1445 tu
1099 1382 1331 1465 possis,
1390 1382 1683 1463 quamvis
1730 1383 2024 1457 excellaS,
2080 1400 2297 1447 omnes
2344 1384 2490 1445 tuos
2538 1380 2617 1445 ad
2663 1382 2776 1445 ho-

316 1508 502 1553 nores
563 1490 988 1571 amplissimos
1053 1489 1422 1571 perducere,
1483 1491 1557 1552 ut
1606 1488 1811 1572 Scipio
1857 1489 1927 1552 P.
1974 1489 2303 1571 Rupilium
2363 1489 2573 1572 potuit
2632 1506 2777 1551 con-

322 1596 528 1659 sulem
577 1595 854 1672 efficere,
913 1595 1178 1660 fratrem
1239 1596 1375 1659 eius
1420 1596 1490 1659 L.
1537 1615 1666 1659 non
1712 1596 1937 1679 potuit.
2031 1594 2272 1673 Quodsi
2319 1596 2514 1659 etiam
2572 1595 2777 1677 possis

323 1702 573 1784 quidvis
619 1702 865 1766 deferre
913 1702 992 1765 ad
1041 1703 1344 1779 alterum,
1392 1702 1735 1767 videndum
1782 1706 1879 1766 est
1928 1706 2176 1779 tamen,
2225 1702 2376 1784 quid
2423 1702 2530 1766 ille
2576 1702 2778 1784 possit

323 1810 656 1873 sustinere.

763 1808 1035 1873 Omnino
1095 1810 1410 1873 amicitiae
1471 1810 1889 1873 corroboratis
1948 1810 2075 1872 iam
2139 1809 2653 1889 confirmatisque
2713 1811 2779 1873 et
2800 1823 2861 1864 ‘1⁴

319 1916 590 1997 ingeniis
651 1918 716 1979 et
774 1917 1090 1979 aetatibus
1138 1914 1512 1980 iudicandae
1560 1918 1738 1992 sunt,
1796 1935 1939 1993 nec,
2002 1916 2055 1979 si
2106 1916 2216 1997 qui
2260 1916 2519 1979 ineunte
2568 1917 2777 1979 aetate

319 2144 479 2198 aktiv.
502 2175 568 2182 -—
597 2144 715 2212 suo]
746 2144 1122 2212 „ihrerseits“.
1153 2174 1219 2183 -
1247 2145 1314 2197 in
1339 2162 1497 2214 quem

320 2234 538 2285 conlata
586 2238 715 2285 sunt
763 2274 774 2285 .
808 2273 819 2285 .
852 2274 862 2285 .
911 2233 1012 2301 qui
1058 2233 1304 2301 eontulit]
1357 2234 1500 2299 „der

321 2323 648 2390 Empfiinger
685 2362 696 2373 .
722 2362 732 2373 .
758 2362 769 2373 .
810 2322 1043 2375 Geber“.
1076 2354 1142 2361 -—
1181 2339 1497 2375 com-memo-

318 2414 464 2480 rare]
515 2413 572 2464 in
619 2413 715 2466 der
749 2412 1052 2481 urspriingl.
1093 2413 1221 2467 Bed.
1263 2413 1362 2480 „in
1399 2415 1497 2468 Er-

320 2501 587 2570 innerung
623 2501 907 2570 bringen“.

398 2604 480 2644 72.
531 2591 820 2658 inferiores
855 2609 911 2645 se
947 2593 1204 2660 extollere]
1255 2593 1366 2645 Auf
1411 2593 1496 2645 die

321 2680 418 2732 der
435 2679 637 2732 Pflicht
662 2680 756 2733 des
783 2680 953 2734 hoher
980 2681 1272 2734 stehenden
1292 2681 1494 2734 Freun-

318 2769 415 2820 des
435 2785 631 2836 parem
656 2787 766 2821 esse
790 2769 1052 2836 inferiori
1068 2772 1119 2838 (ξ
1138 2772 1207 2824 69
1218 2770 1280 2837 f.)
1299 2786 1495 2838 gegen-

321 2856 701 2924 iibergestellte
774 2857 978 2910 Pflicht
1057 2859 1152 2912 des
1232 2858 1499 2927 niedriger

321 2945 630 3012 stehenden,
667 2945 742 2998 im
771 2945 970 3000 Gefiihl
998 2947 1178 3001 seiner
1204 2947 1495 3015 Ungleich-

321 3034 436 3088 heit
489 3034 641 3087 nicht
691 3034 1021 3089 neidischem
1069 3036 1332 3090 Verdruss
1381 3037 1497 3090 sich

320 3122 657 3191 hinzugeben
694 3126 744 3192 (ξ
784 3125 898 3191 71),
947 3123 1081 3192 folgt
1131 3123 1247 3177 hier
1293 3125 1378 3179 die
1428 3142 1496 3178 an

320 3213 426 3266 den
464 3212 722 3266 letzteren
759 3213 1049 3281 gerichtete
1085 3213 1308 3282 positive
1345 3215 1496 3268 Mah-

321 3317 485 3369 nung,
523 3301 660 3354 auch
697 3303 1003 3356 seinerseits
1038 3303 1498 3371 gewissermassen

321 3392 416 3444 das
472 3391 528 3442 in
584 3391 679 3444 der
726 3391 1117 3445 Freundschaft
1163 3393 1497 3461 notwendige

319 3479 630 3533 Verhffltnis
685 3480 780 3533 der
834 3480 1135 3535 Gleichheit
1188 3482 1354 3535 durch
1412 3499 1496 3536 er-

321 3568 512 3623 hohtes
540 3568 1002 3624 Selbstvertrauen
1029 3570 1405 3625 herzustellen.
1428 3603 1496 3610 —

320 3657 464 3726 ipsi]
540 3658 790 3712 wahrend
852 3659 948 3712 der
1009 3658 1180 3713 hoher
1242 3660 1497 3714 stehende

319 3747 537 3800 Freund
573 3746 668 3798 ihu
706 3747 762 3798 in
802 3747 1173 3801 Wirklichkeit
1207 3748 1357 3802 nicht
1405 3767 1496 3802 zu-

319 3836 606 3889 riicksetzt.
646 3867 713 3875 —
752 3838 1178 3906 contemnendos]
1221 3837 1346 3892 lasst
1381 3837 1498 3891 sich

319 3923 488 3977 durch
545 3925 925 3990 „verdienen“
989 3926 1376 3980 umschreiben.
1429 3958 1495 3966 ——

319 4013 423 4081 qui
445 4013 549 4066 hac
577 4013 834 4081 opinione
861 4015 983 4083 etc]
1014 4015 1147 4081 „ein
1175 4015 1372 4081 Wahn,
1402 4016 1500 4070 der

319 4101 488 4155 ihnen
526 4143 537 4153 .
563 4141 573 4154 .
598 4142 609 4153 .
651 4102 968 4156 benommen
1023 4104 1238 4158 werden
1289 4106 1495 4160 n1u[s“.

321 4191 531 4260 Wegen
579 4192 673 4244 des
718 4192 1113 4247 Verhiiltnisses
1160 4193 1258 4247 der
1306 4192 1499 4248 beiden

319 4279 678 4336 Relativsatze
707 4281 809 4349 vgl.
841 4299 908 4334 zu
926 4283 956 4352 ξ
975 4284 1042 4338 27
1071 4301 1135 4336 ex
1160 4299 1225 4336 ea
1251 4283 1495 4351 caritate,

1604 2161 1743 2211 quae
1780 2148 1879 2197 etc.
1922 2174 1986 2183 -—
2039 2145 2209 2198 verbis
2248 2186 2259 2197 .
2283 2186 2295 2197 .
2320 2186 2331 2197 .
2369 2146 2543 2213 opere]
2594 2143 2779 2196 Durch

1606 2233 1713 2286 den
1756 2233 2158 2301 gewohnlichen
2206 2234 2429 2302 Gegens.
2477 2234 2629 2287 verbo
2676 2275 2687 2285 .
2721 2275 2731 2285 .
2764 2274 2777 2286 .

1604 2340 1663 2375 re
1713 2323 1795 2389 (re
1843 2339 1996 2388 vera,
2052 2339 2111 2375 re
2164 2322 2316 2391 ipsa)
2374 2346 2439 2368 =
2491 2327 2635 2394 λόγῳ

1606 2416 1747 2485 ἔργῳ
1791 2413 1976 2466 wiirde
2027 2413 2121 2465 das
2176 2416 2381 2466 erstere
2428 2413 2532 2466 den
2581 2429 2777 2481 unpas-

1606 2501 1808 2554 senden
1833 2501 2044 2570 Begriff
2070 2501 2165 2554 des
2193 2501 2243 2554 N
2244 2501 2667 2555 ichtwirklichen
2693 2519 2777 2556 er-

1605 2589 1802 2643 halten.

1682 2693 1704 2732 ‘1
1719 2693 1763 2734 3.
1804 2679 2016 2748 cuique]
2067 2679 2125 2731 in
2161 2679 2394 2734 seltener
2429 2680 2693 2750 Stellung,
2734 2699 2776 2734 s,

1606 2785 1675 2822 zu
1710 2771 1739 2837 ξ
1776 2770 1846 2823 29
1884 2787 1987 2837 per
2035 2787 2193 2838 quem
2239 2770 2590 2838 adsequatur,
2640 2772 2783 2839 quod

1606 2858 1845 2926 quisque.
1886 2891 1953 2897 —
1999 2876 2166 2926 neque
2202 2864 2263 2912 tu
2289 2859 2493 2928 possis]
2533 2860 2659 2914 Man
2695 2878 2780 2913 er-

1606 2948 1796 2999 wartet
1822 2946 1901 3000 als
1926 2947 2375 3016 entsprechendes
2394 2949 2610 3002 zweites
2627 2949 2780 3002 Glied

1604 3053 1771 3104 neque
1831 3036 1922 3089 ille
1977 3037 2157 3104 possit
2219 3037 2433 3104 quidvis
2496 3025 2776 3104 sustiroere,

1606 3125 1741 3179 doch
1789 3125 1906 3177 tritt
1952 3124 2150 3193 insolge
2198 3126 2294 3180 des
2330 3125 2781 3180 Zwischensatzes

1606 3213 2005 3268 anakoluthisch
2043 3214 2161 3268 eine
2194 3215 2390 3268 andere
2418 3215 2633 3268 Konstr.
2674 3215 2779 3268 ein.

1606 3304 1719 3357 Der
1768 3303 1913 3358 Oom‘.
1966 3303 2267 3372 potentialis
2322 3320 2428 3357 von
2474 3322 2633 3373 posse
2688 3305 2778 3358 be·

1604 3394 1798 3460 gegnet
1833 3392 1971 3446 auch
2008 3396 2174 3446 unten
2211 3396 2240 3462 ἓ
2278 3395 2345 3448 87
2386 3411 2435 3446 u.
2475 3396 2625 3446 sonst
2660 3410 2782 3447 ver-

1606 3480 1803 3534 einzelt
1848 3481 1934 3535 bei
1981 3481 2181 3538 Cicero.
2235 3514 2301 3520 —
2354 3482 2414 3534 P.
2462 3483 2780 3552 Rupilium]

1608 3587 1677 3622 zu
1724 3572 1753 3638 ἓ
1800 3573 1886 3626 37.
1940 3602 2007 3610 -
2054 3571 2235 3640 potuit
2420 3589 2533 3624 non
2578 3573 2781 3641 potuit]

1607 3675 1793 3725 „zwar
1832 3699 1843 3710 .
1868 3700 1878 3711 .
1903 3700 1914 3711 .
1954 3659 2082 3713 aber
2127 3660 2339 3727 nicht“,
2388 3660 2490 3729 vgl.
2540 3678 2605 3713 zu
2644 3663 2674 3729 ξ
2713 3663 2781 3716 19

1605 3766 1669 3801 ω)
1694 3748 1953 3802 micitia
1978 3767 2091 3802 non
2109 3755 2294 3817 potest.
2326 3781 2393 3788 —
2430 3750 2653 3818 deferre]
2683 3750 2785 3802 mit

1607 3836 1715 3890 bes.
1756 3837 2048 3891 Riicksicht
2082 3839 2177 3891 auf
2208 3839 2449 3892 honores.

1682 3941 1705 3980 7
1718 3941 1763 3980 4.
1795 3927 2151 3981 corroboratis
2176 3927 2297 3981 ‘iam
2315 3928 2779 3997 confirmatisque]

1608 4016 1814 4082 „Erst
1850 4033 2008 4070 wenn
2051 4018 2149 4070 der
2184 4016 2475 4073 Charakter
2511 4017 2633 4070 mit
2675 4018 2781 4071 den

1606 4105 1640 4157 J
1642 4105 1807 4158 ahren
1837 4105 2064 4159 erstarkt
2089 4107 2200 4159 und
2228 4106 2477 4175 gefestigt
2504 4106 2631 4159 ist“.
2678 4106 2781 4160 Die

1607 4194 1791 4248 iniens
1818 4200 1966 4248 aetas
1993 4194 2159 4248 bietet
2184 4212 2287 4248 nur
2314 4195 2399 4249 ein
2428 4196 2525 4248 der
2541 4195 2781 4248 Freund-

1608 4284 1784 4338 schaft
1811 4284 2056 4353 analoges
2076 4284 2399 4346 Verhfiltnis,
2429 4284 2532 4352 vgl.
2560 4302 2627 4338 zu
2656 4286 2686 4352 ξ
2709 4286 2780 4340 33

2274 4375 2350 4428 ὁ*
