3175 4825
433 280 506 341 64
1216 280 1486 337 Ciceronis
1522 280 1736 334 Laelius
1772 281 1839 333 de
1876 280 2107 333 amicitia

437 444 710 509 venandi
769 446 882 507 aut
940 444 1104 527 pilae
1155 443 1423 507 studiosi
1471 442 1757 519 fuerunt,
1818 462 1924 506 eos
1972 443 2205 506 habere
2253 444 2668 517 necessariOS‚
2732 459 2886 522 quos

439 554 582 614 tum
629 550 848 614 eodem
897 550 1107 614 studio
1155 550 1474 634 praeditos
1523 550 1897 615 dilexerunt.
1978 549 2114 613 Isto
2163 550 2332 613 enim
2379 549 2563 612 modo
2610 549 2885 613 nutrices

439 660 504 721 et
549 657 897 741 paedagogi
951 658 1089 721 iure
1141 658 1478 721 vetustatis
1526 658 1875 740 plurimum
1923 656 2395 721 benevolentiae
2441 656 2884 738 postulabunt:

439 764 551 844 qui
580 764 956 845 neglegendi
989 763 1244 845 quidem
1275 784 1401 827 non
1435 767 1605 841 sunt,
1653 763 1763 827 sed
1798 764 1919 827 alio
1954 762 2230 843 quodam
2260 762 2445 826 modo
2478 762 2885 826 aestimandi.

437 870 644 935 Aliter
703 870 1017 935 amicitiae
1079 870 1338 935 stabiles
1396 888 1769 953 permanere
1826 889 1950 933 non
1998 871 2283 952 possunt.
2374 868 2675 951 Dispares
2724 870 2887 932 enim

439 996 674 1054 morea,
735 977 1014 1059 disparia
1069 977 1282 1041 studia
1329 979 1710 1059 sequuntur,
1774 995 2045 1057 quorum
2100 975 2548 1039 dissimilitudo
2597 975 2890 1040 dissociat

441 1083 786 1153 amicitias;
834 1102 952 1147 nec
999 1085 1076 1147 ob
1123 1084 1315 1147 aliam
1349 1102 1611 1147 causam
1643 1084 1842 1147 ullam
1875 1084 2020 1146 boni
2050 1082 2369 1166 improbiS,
2415 1083 2685 1166 improbi
2713 1082 2887 1146 bonis

442 1190 628 1253 amici
688 1208 825 1254 esse
882 1210 1006 1253 non
1065 1192 1362 1273 possunt,
1423 1191 1544 1253 nisi
1608 1190 1775 1272 quod
1834 1192 2019 1253 tanta
2076 1192 2175 1253 est
2232 1190 2399 1253 inter
2461 1208 2591 1266 eoS,
2652 1191 2890 1270 quanta

440 1297 717 1360 maxima
762 1299 974 1379 potest
1019 1315 1176 1373 esse,
1221 1316 1473 1361 morum
1521 1297 2005 1377 studiorumque
2054 1296 2376 1359 distantia.

355 1426 417 1466 75
619 1404 814 1467 Recte
863 1404 1059 1467 etiam
1103 1404 1379 1486 praecipi
1427 1406 1639 1486 potest
1685 1403 1748 1466 in
1798 1403 2121 1479 amicitiiS,
2183 1421 2273 1465 ne
2334 1402 2892 1485 intemperata

445 1511 809 1592 quaedam
855 1511 1419 1586 benevolentia,
1467 1510 1635 1592 quod
1680 1529 1983 1593 persaepe
2030 1509 2121 1587 fit,
2167 1509 2535 1591 impediat
2580 1527 2889 1591 magnas

441 1618 867 1681 utilitates
915 1618 1376 1681 amicorum.
1467 1618 1603 1681 Nec
1650 1617 1837 1693 enim,
1886 1620 1957 1680 ut
2004 1615 2085 1680 ad
2130 1615 2380 1680 fabulas
2426 1616 2699 1692 redeam,
2746 1616 2893 1679 Tro-

444 1724 575 1788 iam
605 1724 1060 1806 Neoptolemus
1108 1743 1331 1808 capere
1379 1725 1711 1808 potuisset,
1760 1724 1814 1787 si
1845 1722 2285 1805 Lycomedem,
2333 1722 2500 1805 apud
2534 1741 2725 1803 quem
2758 1724 2893 1785 erat

443 1830 777 1907 educatus,
832 1831 1055 1894 multis
1105 1850 1251 1895 cum
1297 1831 1576 1895 lacrimis
1625 1832 1747 1894 iter
1794 1850 1983 1893 suum
2030 1830 2480 1912 impedientem
2528 1829 2745 1893 audire
2791 1848 2894 1892 vo-

441 1938 703 2011 luisset;
776 1940 840 2001 et
897 1955 1084 2020 saepe
1145 1938 1436 2002 incidunt
1492 1956 1764 2019 magnae
1829 1956 1962 2013 reS,
2033 1938 2105 2000 ut
2164 1936 2614 2000 discedendum
2674 1936 2759 1999 sit
2817 1935 2894 1999 ab

446 2044 694 2119 amiciS,
744 2062 903 2125 quas
953 2044 1060 2125 qui
1106 2044 1412 2127 impedire
1458 2045 1619 2119 vult,
1666 2044 1835 2125 quod
1882 2043 2265 2107 desiderium
2312 2061 2438 2106 non
2485 2042 2667 2106 facile
2716 2042 2895 2118 ferat,

443 2152 498 2214 is
558 2153 623 2215 et
682 2151 970 2214 infirmus
1033 2154 1132 2215 est
1183 2152 1521 2233 mollisque
1567 2154 1803 2215 natura
1850 2154 1916 2214 et
1959 2150 2036 2214 ob
2084 2168 2225 2214 eam
2271 2150 2476 2231 ipsam
2525 2167 2785 2213 causam
2831 2148 2895 2212 in

445 2361 489 2397 a.
502 2344 562 2397 E.
578 2379 627 2386 -
642 2344 850 2414 habere]
867 2344 964 2397 mit
978 2343 1280 2414 doppeltem
1292 2345 1416 2397 Acc.
1434 2343 1499 2396 ni
1511 2360 1539 2397 c
1549 2344 1619 2396 ht

445 2435 520 2502 „h
536 2434 716 2488 alten
744 2435 837 2486 fiir
865 2474 876 2487 .
895 2475 906 2486 .
924 2438 988 2501 .“,
1019 2436 1248 2488 sondern
1277 2433 1616 2502 „behandeln

445 2523 524 2577 als
564 2527 692 2576 ...“.
757 2523 884 2578 Man
920 2524 1114 2577 nehme
1153 2540 1248 2577 aus
1275 2524 1398 2577 dem
1427 2539 1618 2576 voran-

444 2612 723 2681 gehenden
753 2611 1023 2665 Gerundiv
1058 2613 1162 2664 den
1189 2612 1308 2664 hier
1337 2629 1402 2664 zu
1431 2616 1617 2680 ergan-

447 2702 650 2754 zenden
677 2700 888 2768 Begriff
913 2701 1008 2753 des
1027 2700 1289 2766 MiissenS,
1317 2705 1527 2770 oportet.
1549 2733 1617 2740 —-

446 2791 623 2843 eodem
657 2789 836 2842 studio
865 2789 1162 2858 praeditos]
1209 2789 1340 2842 frei:
1391 2829 1421 2855 „
1435 2805 1618 2858 wegen

446 2879 594 2932 ihrer
621 2878 863 2946 gleichen
892 2878 1171 2931 Passion“.
1203 2910 1272 2916 —
1294 2879 1617 2947 paedayoyz’]

447 2968 499 3021 N
502 2966 597 3020 ach
625 2966 822 3036 griech.
840 2967 972 3021 Sitte
1001 2967 1447 3036 beaussichtigten
1472 2967 1619 3021 diese

448 3057 554 3109 den
570 3060 700 3110 rom.
719 3057 940 3110 Knaben
955 3057 1012 3110 in
1025 3075 1076 3110 u.
1096 3057 1276 3122 ausser
1289 3058 1411 3110 dem
1421 3057 1618 3122 Hause,

448 3145 770 3214 begleiteten
797 3145 891 3198 ihu
920 3163 963 3198 z.
985 3147 1046 3200 B.
1069 3146 1206 3199 auch
1226 3145 1282 3197 in
1301 3145 1386 3198 die
1407 3145 1618 3210 Schule,

447 3235 558 3288 und
602 3235 805 3303 folgten
851 3235 986 3288 auch
1031 3235 1155 3288 dem
1191 3233 1447 3302 Jungling
1482 3233 1621 3286 noch

449 3325 543 3378 auf
569 3323 782 3389 Reisen,
821 3323 905 3375 ins
932 3323 1061 3376 Feld
1090 3340 1140 3376 u,
1163 3339 1204 3376 s.
1226 3340 1290 3375 w.
1349 3323 1444 3376 Als
1473 3321 1621 3376 Skla-

448 3429 555 3466 ven
582 3411 818 3464 konnten
845 3412 922 3464 sie
951 3413 1086 3464 trotz
1116 3409 1460 3480 allgemeiner
1478 3410 1621 3464 Ach-

448 3503 581 3568 tung
617 3501 712 3552 auf
747 3499 831 3552 die
855 3499 1248 3553 Freundschaft
1275 3500 1420 3552 eines
1448 3499 1623 3553 freien

449 3589 675 3642 Romers
687 3588 880 3642 keinen
893 3589 1179 3657 Anspruch
1197 3589 1437 3642 macheu.
1470 3594 1508 3642 A
1521 3589 1625 3642 uch

450 3678 538 3731 dje
592 3679 822 3731 Ammen
875 3678 1130 3746 geh‘orten
1191 3679 1313 3731 dem
1369 3678 1623 3732 Sklaven-

451 3768 638 3820 stande
677 3783 760 3821 an.
801 3799 867 3806 -——
905 3766 1202 3836 vetustates]
1241 3767 1341 3820 wie
1380 3770 1409 3835 ξ
1439 3771 1522 3823 68.
1554 3799 1621 3805 -

451 3856 564 3910 alio
593 3857 825 3925 quodam
852 3857 1027 3926 modo]
1058 3856 1237 3922 „nach
1260 3856 1432 3909 einem
1462 3873 1623 3924 ganz

453 3948 503 4015 (ξ
553 3946 606 4014 6)
659 3946 892 3999 anderen
940 3945 1196 4000 Massstab
1213 3949 1258 3997 “.
1319 3978 1385 3984 ——
1442 3946 1622 4015 aliter]

455 4034 666 4089 vertritt
700 4035 803 4088 den
830 4035 1286 4104 Bedingungssatz
1325 4035 1469 4101 „nisi
1508 4051 1623 4089 cor-

453 4124 711 4178 roboratis
751 4165 760 4176 .
787 4165 796 4176 .
822 4165 832 4176 .
873 4124 1132 4178 aetatibus
1161 4124 1522 4178 iudicentur“.
1556 4156 1624 4163 —

451 4215 700 4283 dispares
745 4216 939 4283 mores]
995 4212 1623 4282 „Ungleichheit“‚

454 4301 558 4370 vgl.
599 4321 664 4356 zu
702 4306 732 4372 ξ
769 4304 838 4360 58
868 4304 1103 4372 paribus
1153 4303 1376 4371 officii&
1429 4336 1496 4343 -
1545 4321 1623 4357 se-

1725 2346 1987 2413 quuntur]
2038 2342 2245 2396 absolut
2292 2342 2452 2410 „tritt
2495 2342 2553 2395 in
2598 2343 2695 2395 der
2739 2342 2897 2412 Folge

1727 2433 1873 2487 ein“.
1926 2465 1993 2472 —-—
2044 2438 2251 2501 quanta
2284 2433 2535 2486 maoeoe‘ma
2563 2437 2735 2502 potest
2770 2433 2897 2501 esse]

1727 2523 1856 2590 „die
1892 2523 2128 2575 denkbar
2163 2522 2420 2590 grosste“.

1804 2626 1883 2664 75.
1935 2613 2050 2680 nec]
2090 2611 2233 2664 steht
2269 2628 2336 2664 zu
2372 2611 2494 2664 dem
2530 2609 2817 2678 folgenden
2855 2614 2903 2662 et

1726 2701 1783 2753 in
1820 2702 1942 2754 dem
1970 2699 2277 2753 Verhiiltnis
2312 2701 2405 2754 des
2432 2700 2741 2753 Besondern
2779 2715 2903 2752 zum

1726 2789 2112 2858 Allgemeinen.
2204 2788 2315 2842 Das
2379 2788 2695 2857 allgemeine
2752 2787 2904 2840 Glied

1727 2878 1946 2947 beginnt
1982 2894 2106 2930 man
2145 2877 2244 2929 mit
2280 2893 2384 2943 „so
2400 2879 2458 2929 “2
2509 2907 2579 2915 —
2626 2876 2903 2945 Neoptole-

1726 2969 1872 3036 mus]
1903 2967 2046 3020 Sohn
2066 2967 2159 3019 des
2177 2965 2433 3032 AchilleS,
2464 2982 2569 3019 von
2588 2966 2709 3019 dem
2729 2965 2907 3033 Konig

1727 3056 2072 3124 LykomedeS,
2112 3055 2314 3108 seinem
2340 3054 2651 3108 Grossvater
2676 3055 2907 3107 miitter-

1728 3143 2052 3210 licherseits,
2103 3130 2197 3196 auf
2244 3144 2341 3196 der
2389 3143 2534 3196 Insel
2572 3143 2771 3211 Skyros
2821 3159 2907 3196 er-

1731 3250 1919 3302 zogen,
1973 3233 2154 3287 wurde
2206 3233 2382 3286 einem
2434 3232 2623 3287 Orakel
2676 3232 2907 3301 zufolge,

1730 3323 1869 3376 nach
1905 3322 2166 3376 welchem
2202 3322 2355 3389 Troja
2403 3338 2507 3375 nur
2541 3322 2710 3375 durch
2749 3321 2910 3376 einen

1730 3411 2000 3466 Aeakiden
2037 3410 2203 3465 fallen
2241 3411 2453 3478 konnte,
2492 3427 2598 3464 von
2636 3411 2911 3479 Odysseus

1731 3501 1869 3556 nach
1907 3501 2062 3568 Troia
2098 3500 2358 3569 abgeholt.
2399 3532 2467 3540 -
2506 3500 2908 3569 impedientem]

1734 3617 1798 3635 =
1839 3590 1938 3658 qui
1972 3590 2319 3658 impediebat,
2371 3590 2443 3643 ist
2486 3589 2552 3642 de
2600 3592 2793 3643 conatu
2843 3606 2913 3642 zu

1731 3678 2034 3733 verstehen.
2068 3711 2134 3718 —-—
2163 3684 2223 3732 ut
2251 3679 2628 3732 discedendum
2656 3679 2751 3748 sit]
2782 3678 2911 3745 „in-

1732 3768 1873 3837 folge
1910 3769 2075 3822 deren
2115 3772 2250 3820 ...“.
2300 3800 2367 3807 -
2418 3786 2557 3836 quas
2595 3767 2715 3836 qui]
2756 3783 2915 3835 „wer

1732 3858 1877 3912 diese
1903 3862 2077 3910 nun“.
2140 3859 2253 3911 Der
2280 3857 2621 3911 einheitliche
2643 3856 2911 3921 Gedanke,

1736 3946 1965 4000 wolcher
2019 3947 2090 3998 im
2143 3947 2255 4000 Lat.
2314 3963 2380 3999 zu
2437 3945 2635 3999 einer
2682 3945 2913 3999 Per-iode

1735 4036 2241 4104 zusammengefasst
2293 4035 2364 4089 ist
2418 4035 2551 4102 (Nec
2603 4035 2754 4089 enim
2806 4076 2818 4087 .
2853 4075 2865 4086 .
2900 4073 2911 4084 .

1733 4125 1950 4192 iustus),
1988 4124 2121 4177 wird
2146 4125 2221 4177 im
2250 4125 2313 4178 D.
2344 4124 2399 4176 in
2429 4125 2580 4178 drei
2616 4124 2913 4177 besondere

1734 4215 1887 4268 S'atze
1917 4213 2193 4282 ausgelost.
2228 4245 2281 4252 -
2322 4214 2463 4283 quod
2595 4213 2755 4282 ferat]
2785 4211 2916 4266 sub-

1732 4303 1963 4373 jektiver
1998 4304 2197 4357 Grund.
