3175 4825
339 1697 428 1759 14

451 248 524 309 48
915 289 929 340 ¹(
1237 251 1506 307 Ciceronis
1542 251 1754 305 Laelius
1791 253 1858 305 de
1896 252 2129 305 amicitia

451 433 528 478 ex
586 415 721 478 eius
781 414 989 478 animo
1037 414 1453 497 exstirpatam
1498 414 1969 479 humanitatem
2019 390 2429 491 arbitramur,
2490 434 2652 497 quae
2713 434 2914 480 causa

451 524 577 598 est,
639 540 754 585 cur
812 521 1158 585 amicitiam
1215 520 1506 585 funditus
1565 521 1871 586 tollamus
1918 540 1950 585 e
2000 522 2156 599 vita,
2214 541 2294 586 ne
2356 522 2605 604 aliquas
2651 525 2914 606 propter

453 648 596 692 eam
644 628 1066 709 suscipiamus
1100 628 1472 692 molestias?
1543 627 1711 706 Quid
1760 629 1929 693 enim
1976 628 2244 692 interest
2287 630 2469 693 motu
2518 630 2713 693 animi
2759 630 2915 694 sub-

451 735 580 799 lato
638 754 765 799 non
826 734 963 799 dico
1010 735 1180 798 inter
1225 735 1533 817 pecudem
1581 738 1646 799 et
1691 735 2044 812 hominem,
2104 735 2213 799 sed
2261 735 2428 799 inter
2473 736 2795 800 hominem
2845 740 2912 801 et

449 846 752 906 truncum
817 842 932 904 aut
991 860 1215 905 saxum
1276 844 1389 905 aut
1449 842 1698 923 quidvis
1746 843 1994 923 generis
2042 842 2373 906 eiusdem?
2464 842 2687 924 Neque
2736 841 2909 907 enim

450 952 602 1013 sunt
661 949 769 1012 isti
831 948 1158 1025 audiendi,
1228 949 1337 1030 qui
1406 949 1711 1012 virtutem
1774 949 2000 1012 duram
2061 950 2125 1013 et
2186 949 2370 1029 quasi
2428 948 2701 1013 ferream
2766 969 2908 1013 esse

451 1055 773 1137 quandam
820 1056 1076 1130 volunt;
1139 1074 1301 1137 quae
1351 1056 1607 1137 quidem
1657 1057 1757 1119 est
1802 1075 1950 1119 cum
1994 1055 2216 1119 multis
2272 1056 2338 1118 in
2396 1056 2585 1120 rebus
2640 1059 2782 1120 tum
2840 1057 2909 1121 in

448 1162 729 1227 amicitia
777 1164 996 1226 tenera
1042 1164 1234 1243 atque
1281 1162 1665 1238 tractabiliS,
1724 1163 1799 1225 ut
1860 1164 1925 1226 et
1980 1162 2157 1226 bonis
2219 1162 2407 1227 amici
2464 1162 2672 1225 animi
2720 1164 2907 1243 quasi

446 1268 884 1333 diffundantur
939 1271 1004 1333 et
1060 1268 1471 1333 incommodis
1535 1269 2010 1333 contrahantur.

2102 1268 2313 1347 Quam
2374 1270 2449 1333 ob
2511 1288 2647 1333 rem
2706 1288 2909 1351 angor

446 1378 599 1451 iste,
660 1376 770 1458 qui
828 1395 941 1458 pro
1002 1376 1203 1440 amico
1252 1394 1438 1457 saepe
1487 1376 1832 1459 capiendus
1882 1378 2012 1452 est,
2071 1395 2197 1440 non
2258 1378 2513 1439 tantum
2571 1377 2769 1453 valet,
2831 1380 2907 1441 ut

447 1484 634 1548 tollat
680 1502 712 1547 e
759 1484 890 1546 vita
923 1483 1288 1558 amicitiam,
1335 1502 1461 1546 non
1493 1484 1638 1566 plus
1676 1502 1869 1565 quam
1901 1485 1978 1546 ut
2007 1482 2299 1560 virtuteS,
2347 1483 2497 1564 quia
2532 1502 2659 1548 non
2688 1484 2905 1548 nullas

447 1609 632 1678 curas
681 1592 746 1653 et
790 1590 1114 1653 molestias
1163 1589 1476 1665 adferunt,
1523 1590 1955 1672 repudientur.

626 1696 789 1761 Cum
835 1698 1051 1760 autem
1101 1696 1438 1760 contrahat
1469 1696 1834 1772 amicitiam,
1881 1701 1955 1760 ut
2002 1715 2194 1779 supra
2242 1696 2387 1773 dixi,
2434 1696 2485 1760 si
2537 1716 2663 1779 qua
2710 1697 2907 1779 signi-

446 1804 656 1867 ficatio
702 1804 958 1866 virtutis
991 1804 1258 1879 eluceat,
1307 1803 1386 1866 ad
1436 1821 1632 1884 quam
1677 1822 1743 1867 se
1792 1803 2016 1866 similis
2064 1804 2315 1866 animus
2363 1803 2637 1885 applicet
2682 1806 2749 1867 et
2795 1804 2906 1867 ad-

443 2050 818 2121 personlichen
879 2040 1276 2119 Uberzeugung
1340 2050 1619 2104 Ausdruck

444 2140 816 2207 „sicherlich“
875 2139 1095 2209 (nicht
1143 2139 1496 2209 ‚,wirklich“).
1550 2171 1619 2178 —

440 2247 508 2282 ne
555 2230 796 2298 aliquas]
855 2246 992 2296 „um
1044 2245 1148 2281 nur
1202 2228 1353 2282 nicht
1406 2228 1619 2297 irgend·

441 2318 645 2372 welche
703 2359 758 2370 ..
791 2321 855 2385 .“,
913 2318 1016 2386 vgl.
1075 2335 1142 2370 zu
1195 2319 1226 2386 ξ
1279 2318 1347 2373 27
1402 2318 1460 2371 si
1511 2317 1618 2371 ali-

443 2426 614 2476 quem.
665 2440 732 2447 -
781 2425 892 2460 non
927 2406 1066 2476 dieo]
1118 2424 1168 2460 ιι.
1210 2406 1618 2460 zuriickhalten-

443 2499 540 2550 der
574 2514 687 2550 non
721 2496 930 2562 dicam,
980 2497 1158 2549 woffir
1207 2495 1345 2549 auch
1393 2497 1474 2549 oft
1506 2513 1621 2549 non

440 2587 610 2652 mod0,
651 2584 803 2637 fiihrt
840 2585 999 2638 einen
1033 2584 1313 2638 Ausdruck
1351 2585 1466 2654 ein,
1513 2585 1617 2638 den

441 2691 566 2727 man
595 2674 717 2728 bald
745 2673 845 2726 mit
871 2673 1046 2727 einem
1075 2674 1290 2740 andern,
1321 2675 1617 2727 zutreffen-

441 2764 608 2817 deren
645 2762 982 2832 vertauscht‚
1037 2763 1311 2816 entweder
1347 2763 1446 2816 wie
1480 2763 1615 2830 hier,

440 2851 563 2904 weil
617 2852 714 2904 der
769 2853 970 2905 erstere
1029 2852 1168 2905 noch
1232 2852 1383 2905 nicht
1442 2869 1619 2920 genug

442 2941 554 3010 (sed
589 2966 660 2986 =
695 2935 970 3007 „sondern
1007 2944 1254 3009 sogar“),
1306 2941 1435 2994 oder
1480 2942 1617 2994 auch

441 3029 560 3083 weil
615 3047 674 3084 er
723 3030 888 3084 schon
937 3049 1004 3084 zu
1052 3031 1159 3084 viel
1195 3032 1308 3100 (sed
1341 3056 1411 3076 =
1449 3047 1616 3097 „son-

441 3119 573 3172 dern
625 3120 766 3173 auch
809 3120 976 3185 nur“)
1029 3120 1228 3188 besagt.
1311 3137 1378 3172 ne
1430 3119 1617 3172 dicam

441 3209 678 3276 dagegen
729 3211 794 3276 (z.
833 3209 893 3261 B.
932 3211 963 3276 ξς
999 3211 1069 3264 82
1107 3225 1380 3276 perverse,
1429 3225 1496 3260 ne
1530 3207 1615 3260 di-

441 3315 566 3350 cam
613 3297 972 3366 impudenter)
1010 3297 1122 3350 bez.
1139 3338 1152 3365 ‚
1203 3297 1319 3350 dass
1367 3313 1492 3349 man
1531 3296 1617 3350 bei

442 3385 566 3437 dem
622 3387 1035 3452 erstgenann‘ten
1092 3385 1370 3438 Ausdruck
1425 3385 1616 3440 stehen

442 3472 653 3527 bleiben
681 3473 824 3526 kann
852 3491 901 3526 u.
931 3473 1083 3526 nicht
1110 3473 1267 3528 einen
1306 3475 1441 3527 noch
1482 3477 1615 3528 star-

442 3563 604 3616 keren
643 3580 710 3615 zu
737 3562 948 3616 wahlen
975 3563 1213 3616 braucht.
1254 3595 1322 3602 —
1359 3569 1617 3618 truncam

440 3657 538 3705 aut
602 3653 820 3720 saxum]
877 3651 1001 3704 Wir
1060 3652 1398 3720 gebrauchen
1463 3669 1617 3721 sogar

442 3740 644 3807 „Klotz
659 3744 689 3771 ‘⁶
745 3741 838 3792 fiir
891 3741 976 3794 die
1031 3741 1454 3810 personifizierte
1511 3743 1615 3796 Ge-

439 3829 806 3898 fiihllosigkeit
832 3847 881 3882 u.
912 3829 1235 3884 Dummheit.
1275 3862 1343 3869 —
1381 3831 1508 3900 isti]
1539 3848 1613 3885 sc.

443 3917 628 3971 Stoici.
681 3950 748 3957 -
795 3918 1089 3988 audiendi]
1141 3937 1206 3972 zu
1243 3919 1617 3973 unischreiben

440 4008 610 4060 durch
675 4007 1063 4074 ‚,verdienen“.
1140 4040 1208 4047 —
1282 4009 1448 4077 quasi
1505 4050 1516 4062 .
1553 4050 1564 4062 .
1602 4049 1613 4061 .

440 4097 740 4165 quandam]
771 4113 868 4149 zur
883 4096 1184 4166 Milderung
1211 4098 1304 4151 des
1328 4097 1616 4151 bildlichen

437 4184 674 4250 ferream
688 4204 706 4237 .·
783 4185 914 4252 „ich
979 4186 1188 4240 mochte
1253 4201 1443 4255 Sagen,
1510 4203 1616 4240 von

438 4273 659 4328 Eisen“.
713 4305 780 4314 -—-
829 4275 1030 4344 volunt]
1081 4274 1184 4344 vgl.
1238 4292 1306 4328 zu
1353 4278 1383 4344 ξ
1421 4277 1514 4331 29..
1546 4308 1613 4315 —

1727 2068 1863 2118 quae
1882 2050 2120 2118 quidem]
2142 2048 2467 2102 adversativ:
2490 2047 2835 2115 „vielmehr“.
2850 2084 2901 2090 —

1727 2157 1853 2193 eum
1900 2139 2092 2191 multis
2138 2138 2204 2191 in
2250 2138 2377 2207 reb]
2429 2138 2564 2205 „wie
2617 2136 2673 2189 in
2723 2136 2901 2191 vielen

1728 2229 2037 2282 anderen
2091 2226 2559 2293 Verhffltnissen‘g
2623 2225 2725 2279 wie
2782 2228 2813 2295 ξ
2866 2228 2901 2281 2

1726 2334 1853 2370 cum
1888 2334 2045 2385 saepe
2080 2317 2268 2369 multa.
2309 2347 2378 2355 —
2424 2315 2637 2385 animi]
2676 2331 2749 2368 sc.
2787 2316 2899 2368 vir-

1727 2412 1834 2460 tute
1853 2404 2109 2475 praediti.
2140 2438 2207 2445 -
2244 2404 2635 2474 diffundantur
2664 2446 2673 2458 .
2698 2447 2709 2457 .
2732 2446 2744 2458 .
2774 2423 2899 2458 con-

1727 2496 2037 2564 trahantur]
2097 2536 2127 2562 „
2140 2495 2256 2549 dass
2304 2496 2399 2548 das
2450 2495 2593 2548 Herz
2645 2493 2762 2548 sich
2816 2511 2899 2547 er-

1728 2585 1937 2637 weitert
1974 2625 2020 2637 ..
2046 2625 2057 2636 .
2096 2585 2291 2652 beengt
2334 2584 2537 2636 ffihl’tss‘.
2612 2584 2766 2638 Auch
2804 2584 2901 2637 der

1726 2674 1930 2727 heitere
1998 2690 2045 2725 u.
2104 2673 2335 2742 traurige
2392 2672 2899 2726 Gesichtsausdruck

1728 2763 1861 2815 wird
1896 2763 2067 2816 durch
2100 2763 2257 2830 frons
2293 2762 2516 2830 diffusa,
2555 2761 2595 2829 f.
2625 2767 2901 2815 contracta

1727 2851 2053 2906 bezeichnet.
2078 2883 2142 2890 —
2171 2868 2284 2904 non
2302 2855 2515 2904 tantum
2530 2851 2686 2918 valet]
2709 2849 2901 2918 „wiegt

1726 2941 1878 2994 nicht
1930 2941 2138 2994 schwer
2190 2943 2429 3009 genug“.
2482 2937 2551 2978 -'-
2610 2956 2724 2992 ‘non
2769 2941 2898 3008 plus

1726 3048 1893 3098 quam
1928 3035 1988 3083 ut
2018 3031 2139 3098 etc.]
2182 3030 2421 3097 „ebenso
2449 3027 2722 3098 wenigwie
2762 3068 2774 3080 .
2798 3069 2809 3080 .
2833 3029 2863 3080 .‘
2883 3069 2896 3080 .

1725 3120 1919 3188 Streng
1942 3119 2320 3188 grammatisch
2343 3118 2593 3187 gebildet,
2624 3117 2777 3171 sollte
2804 3118 2901 3170 der

1726 3209 1847 3262 Satz
1898 3208 2134 3262 heissen:
2192 3224 2349 3274 „non
2404 3207 2523 3277 plus
2579 3223 2745 3275 angor
2798 3206 2897 3260 iste

1725 3298 1882 3364 valet,
1921 3300 1983 3350 ut
2015 3297 2168 3350 tollat
2203 3297 2505 3363 amicitiam,
2544 3313 2705 3366 quam
2740 3312 2897 3350 curae

1727 3389 1783 3441 et
1810 3386 2097 3454 molestiae,
2135 3388 2198 3439 ut
2222 3387 2448 3439 viitutes
2486 3385 2894 3454 repudientur“.

1796 3565 1953 3634 Καρ.
1974 3567 2065 3620 14.
2130 3565 2266 3618 Oam
2284 3567 2485 3634 autem]
2511 3565 2628 3646 „da
2654 3565 2895 3617 femer“.

1724 3642 2079 3722 siberleitung
2142 3654 2239 3706 der
2293 3653 2736 3722 Argumentation
2795 3669 2901 3706 von

1725 3744 1823 3796 der
1857 3741 2078 3796 Theoi-ie
2114 3743 2211 3795 der
2236 3742 2531 3810 Epikureer
2568 3759 2637 3795 zu
2672 3743 2772 3795 der
2805 3742 2903 3794 der

1726 3831 2045 3884 Hedoniker.
2146 3831 2292 3899 Subj.
2360 3849 2427 3884 zu
2488 3831 2773 3885 contrahat
2832 3829 2907 3883 ist

1724 3920 1876 3974 nicht
1956 3920 2296 3988 siynificatio
2381 3920 2904 3990 (‚,Kundgebung“),

1726 4011 1956 4063 sondern
1992 4010 2090 4063 der
2123 4025 2289 4077 ganze
2327 4009 2449 4064 Satz
2486 4009 2544 4062 si
2579 4049 2591 4062 .
2616 4050 2661 4062 ..
2700 4010 2907 4062 eluceat

1727 4098 1867 4165 „der
1884 4097 2014 4164 Fau,
2044 4098 2162 4151 dass
2192 4137 2204 4149 .
2225 4138 2236 4150 .
2255 4100 2322 4152 .“.,
2352 4130 2419 4137 -
2447 4100 2642 4168 supra]
2670 4099 2804 4167 §32
2830 4129 2905 4137 -—

1723 4205 1778 4240 se
1829 4187 2062 4256 applicet
2110 4191 2158 4240 et
2204 4187 2490 4256 adiunqat]
2544 4187 2703 4254 „sich
2752 4185 2911 4255 innig

1680 4315 1689 4322 -
1724 4275 2080 4330 anschliessen
2116 4277 2257 4329 kann
2271 4277 2317 4328 “.
