<?xml version="1.0" encoding="UTF-8"?>
<!DOCTYPE html PUBLIC "-//W3C//DTD XHTML 1.0 Transitional//EN"
    "http://www.w3.org/TR/xhtml1/DTD/xhtml1-transitional.dtd">
<html xmlns="http://www.w3.org/1999/xhtml" xml:lang="en" lang="en">
 <head>
  <title>
</title>
<meta http-equiv="Content-Type" content="text/html;charset=utf-8" />
  <meta name='ocr-system' content='tesseract 3.04.00' />
  <meta name='ocr-capabilities' content='ocr_page ocr_carea ocr_par ocr_line ocrx_word'/>
</head>
<body>
  <div class='ocr_page' id='page_1' title='image "./mtulliciceronis00stregoog_0081.png"; bbox 0 0 3175 4825; ppageno 0'>
   <div class='ocr_carea' id='block_1_1' title="bbox 1348 288 2725 347">
    <p class='ocr_par' dir='ltr' id='par_1_1' title="bbox 1348 288 2725 347">
     <span class='ocr_line' id='line_1_1' title="bbox 1348 288 2725 347; baseline 0.005 -7"><span class='ocrx_word' id='word_1_1' title='bbox 1348 303 1391 340; x_wconf 91' lang='lat' dir='ltr'>c.</span> <span class='ocrx_word' id='word_1_2' title='bbox 1431 288 1516 341; x_wconf 81' lang='lat'>24.</span> <span class='ocrx_word' id='word_1_3' title='bbox 1555 289 1642 343; x_wconf 82' lang='lat'>25.</span> <span class='ocrx_word' id='word_1_4' title='bbox 2654 288 2725 347; x_wconf 77' lang='lat'>73</span> 
     </span>
    </p>
   </div>
   <div class='ocr_carea' id='block_1_2' title="bbox 261 448 2721 532">
    <p class='ocr_par' dir='ltr' id='par_1_2' title="bbox 261 448 2721 532">
     <span class='ocr_line' id='line_1_2' title="bbox 261 448 2721 532; baseline 0.002 -19"><span class='ocrx_word' id='word_1_5' title='bbox 261 448 453 513; x_wconf 82' lang='lat' dir='ltr'>modo</span> <span class='ocrx_word' id='word_1_6' title='bbox 502 449 734 523; x_wconf 82' lang='lat' dir='ltr'>amicO,</span> <span class='ocrx_word' id='word_1_7' title='bbox 797 448 906 511; x_wconf 88' lang='lat' dir='ltr'>sed</span> <span class='ocrx_word' id='word_1_8' title='bbox 965 468 1045 512; x_wconf 91' lang='lat' dir='ltr'>ne</span> <span class='ocrx_word' id='word_1_9' title='bbox 1092 449 1287 513; x_wconf 87' lang='lat' dir='ltr'>libero</span> <span class='ocrx_word' id='word_1_10' title='bbox 1337 450 1593 531; x_wconf 89' lang='lat' dir='ltr'>quidem</span> <span class='ocrx_word' id='word_1_11' title='bbox 1656 450 1846 532; x_wconf 86' lang='lat' dir='ltr'>digna</span> <span class='ocrx_word' id='word_1_12' title='bbox 1904 452 2035 525; x_wconf 88' lang='lat' dir='ltr'>est;</span> <span class='ocrx_word' id='word_1_13' title='bbox 2099 451 2285 515; x_wconf 85' lang='lat' dir='ltr'>aliter</span> <span class='ocrx_word' id='word_1_14' title='bbox 2345 453 2513 515; x_wconf 90' lang='lat' dir='ltr'>enim</span> <span class='ocrx_word' id='word_1_15' title='bbox 2575 472 2721 517; x_wconf 92' lang='lat' dir='ltr'>cum</span> 
     </span>
    </p>
   </div>
   <div class='ocr_carea' id='block_1_3' title="bbox 262 555 2809 639">
    <p class='ocr_par' dir='ltr' id='par_1_3' title="bbox 262 555 2809 639">
     <span class='ocr_line' id='line_1_3' title="bbox 262 555 2809 639; baseline 0.001 -21"><span class='ocrx_word' id='word_1_16' title='bbox 262 558 568 639; x_wconf 82' lang='lat' dir='ltr'>tyranno,</span> <span class='ocrx_word' id='word_1_17' title='bbox 629 556 812 619; x_wconf 86' lang='lat' dir='ltr'>aliter</span> <span class='ocrx_word' id='word_1_18' title='bbox 871 574 1017 619; x_wconf 90' lang='lat' dir='ltr'>cum</span> <span class='ocrx_word' id='word_1_19' title='bbox 1079 555 1280 619; x_wconf 88' lang='lat' dir='ltr'>amico</span> <span class='ocrx_word' id='word_1_20' title='bbox 1341 557 1594 620; x_wconf 87' lang='lat' dir='ltr'>vivitur.</span> <span class='ocrx_word' id='word_1_21' title='bbox 1688 556 1884 622; x_wconf 88' lang='lat' dir='ltr'>Cuius</span> <span class='ocrx_word' id='word_1_22' title='bbox 1946 561 2162 622; x_wconf 88' lang='lat' dir='ltr'>autem</span> <span class='ocrx_word' id='word_1_23' title='bbox 2224 576 2409 622; x_wconf 90' lang='lat' dir='ltr'>aures</span> <span class='ocrx_word' id='word_1_24' title='bbox 2469 560 2721 623; x_wconf 86' lang='lat' dir='ltr'>clausae</span> <span class='ocrx_word' id='word_1_25' title='bbox 2746 578 2809 621; x_wconf 73' lang='lat' dir='ltr'>oo</span> 
     </span>
    </p>
   </div>
   <div class='ocr_carea' id='block_1_4' title="bbox 262 662 2723 959">
    <p class='ocr_par' dir='ltr' id='par_1_4' title="bbox 262 662 2723 959">
     <span class='ocr_line' id='line_1_4' title="bbox 266 662 2723 745; baseline 0.001 -19"><span class='ocrx_word' id='word_1_26' title='bbox 266 662 522 727; x_wconf 85' lang='lat' dir='ltr'>veritati</span> <span class='ocrx_word' id='word_1_27' title='bbox 571 664 740 736; x_wconf 89' lang='lat' dir='ltr'>sunt,</span> <span class='ocrx_word' id='word_1_28' title='bbox 787 664 863 725; x_wconf 95' lang='lat' dir='ltr'>ut</span> <span class='ocrx_word' id='word_1_29' title='bbox 909 662 987 725; x_wconf 89' lang='lat' dir='ltr'>ab</span> <span class='ocrx_word' id='word_1_30' title='bbox 1037 663 1236 726; x_wconf 84' lang='lat' dir='ltr'>amico</span> <span class='ocrx_word' id='word_1_31' title='bbox 1283 682 1505 727; x_wconf 88' lang='lat' dir='ltr'>verum</span> <span class='ocrx_word' id='word_1_32' title='bbox 1554 663 1771 728; x_wconf 90' lang='lat' dir='ltr'>audire</span> <span class='ocrx_word' id='word_1_33' title='bbox 1817 667 2112 745; x_wconf 77' lang='lat' dir='ltr'>nequeat,</span> <span class='ocrx_word' id='word_1_34' title='bbox 2158 665 2349 728; x_wconf 91' lang='lat' dir='ltr'>huius</span> <span class='ocrx_word' id='word_1_35' title='bbox 2396 666 2569 729; x_wconf 88' lang='lat' dir='ltr'>salus</span> <span class='ocrx_word' id='word_1_36' title='bbox 2617 664 2723 729; x_wconf 90' lang='lat' dir='ltr'>de-</span> 
     </span>
     <span class='ocr_line' id='line_1_5' title="bbox 263 768 2721 853; baseline 0.001 -20"><span class='ocrx_word' id='word_1_37' title='bbox 263 769 584 853; x_wconf 85' lang='lat' dir='ltr'>speranda</span> <span class='ocrx_word' id='word_1_38' title='bbox 630 772 743 831; x_wconf 91' lang='lat' dir='ltr'>est.</span> <span class='ocrx_word' id='word_1_39' title='bbox 839 768 1084 832; x_wconf 88' lang='lat' dir='ltr'>Scitum</span> <span class='ocrx_word' id='word_1_40' title='bbox 1133 772 1232 833; x_wconf 92' lang='lat' dir='ltr'>est</span> <span class='ocrx_word' id='word_1_41' title='bbox 1279 771 1448 834; x_wconf 91' lang='lat' dir='ltr'>enim</span> <span class='ocrx_word' id='word_1_42' title='bbox 1493 770 1653 834; x_wconf 87' lang='lat' dir='ltr'>illud</span> <span class='ocrx_word' id='word_1_43' title='bbox 1702 770 1992 847; x_wconf 79' lang='lat' dir='ltr'>Catoni8‚</span> <span class='ocrx_word' id='word_1_44' title='bbox 2038 775 2114 834; x_wconf 90' lang='lat' dir='ltr'>ut</span> <span class='ocrx_word' id='word_1_45' title='bbox 2158 772 2399 835; x_wconf 88' lang='lat' dir='ltr'>multa:</span> <span class='ocrx_word' id='word_1_46' title='bbox 2448 771 2721 848; x_wconf 90' lang='lat' dir='ltr'>„melius</span> 
     </span>
     <span class='ocr_line' id='line_1_6' title="bbox 262 875 2723 959; baseline 0.001 -20"><span class='ocrx_word' id='word_1_47' title='bbox 262 876 346 939; x_wconf 83' lang='lat' dir='ltr'>de</span> <span class='ocrx_word' id='word_1_48' title='bbox 411 875 792 957; x_wconf 88' lang='lat' dir='ltr'>quibusda-m</span> <span class='ocrx_word' id='word_1_49' title='bbox 855 876 1110 939; x_wconf 88' lang='lat' dir='ltr'>acerbos</span> <span class='ocrx_word' id='word_1_50' title='bbox 1179 876 1465 941; x_wconf 90' lang='lat' dir='ltr'>inimicos</span> <span class='ocrx_word' id='word_1_51' title='bbox 1534 878 1767 941; x_wconf 87' lang='lat' dir='ltr'>mereri</span> <span class='ocrx_word' id='word_1_52' title='bbox 1838 896 2030 958; x_wconf 88' lang='lat' dir='ltr'>quam</span> <span class='ocrx_word' id='word_1_53' title='bbox 2102 896 2207 941; x_wconf 91' lang='lat' dir='ltr'>eos</span> <span class='ocrx_word' id='word_1_54' title='bbox 2278 878 2542 955; x_wconf 79' lang='lat' dir='ltr'>amicoS,</span> <span class='ocrx_word' id='word_1_55' title='bbox 2614 879 2723 959; x_wconf 89' lang='lat' dir='ltr'>qui</span> 
     </span>
    </p>
   </div>
   <div class='ocr_carea' id='block_1_5' title="bbox 263 982 2800 1066">
    <p class='ocr_par' dir='ltr' id='par_1_5' title="bbox 263 982 2800 1066">
     <span class='ocr_line' id='line_1_7' title="bbox 263 982 2800 1066; baseline 0.001 -20"><span class='ocrx_word' id='word_1_56' title='bbox 263 984 488 1047; x_wconf 79' lang='lat' dir='ltr'>dulces</span> <span class='ocrx_word' id='word_1_57' title='bbox 535 982 906 1046; x_wconf 85' lang='lat' dir='ltr'>videantur:</span> <span class='ocrx_word' id='word_1_58' title='bbox 973 983 1116 1046; x_wconf 91' lang='lat' dir='ltr'>illos</span> <span class='ocrx_word' id='word_1_59' title='bbox 1166 1002 1386 1048; x_wconf 85' lang='lat' dir='ltr'>verum</span> <span class='ocrx_word' id='word_1_60' title='bbox 1435 1002 1623 1066; x_wconf 84' lang='lat' dir='ltr'>saepe</span> <span class='ocrx_word' id='word_1_61' title='bbox 1672 984 1905 1060; x_wconf 79' lang='lat' dir='ltr'>dicere,</span> <span class='ocrx_word' id='word_1_62' title='bbox 1951 984 2067 1048; x_wconf 90' lang='lat' dir='ltr'>hos</span> <span class='ocrx_word' id='word_1_63' title='bbox 2112 991 2518 1065; x_wconf 90' lang='lat' dir='ltr'>numquam.“</span> <span class='ocrx_word' id='word_1_64' title='bbox 2611 988 2723 1048; x_wconf 87' lang='lat' dir='ltr'>At—</span> <span class='ocrx_word' id='word_1_65' title='bbox 2797 1013 2800 1019; x_wconf 95' lang='lat'>·</span> 
     </span>
    </p>
   </div>
   <div class='ocr_carea' id='block_1_6' title="bbox 261 1089 2724 1493">
    <p class='ocr_par' dir='ltr' id='par_1_6' title="bbox 261 1089 2724 1493">
     <span class='ocr_line' id='line_1_8' title="bbox 263 1089 2723 1173; baseline 0.001 -21"><span class='ocrx_word' id='word_1_66' title='bbox 263 1108 394 1171; x_wconf 85' lang='lat' dir='ltr'>que</span> <span class='ocrx_word' id='word_1_67' title='bbox 441 1089 600 1153; x_wconf 83' lang='lat' dir='ltr'>illud</span> <span class='ocrx_word' id='word_1_68' title='bbox 647 1089 1014 1167; x_wconf 86' lang='lat' dir='ltr'>absurdum,</span> <span class='ocrx_word' id='word_1_69' title='bbox 1063 1090 1230 1171; x_wconf 87' lang='lat' dir='ltr'>quod</span> <span class='ocrx_word' id='word_1_70' title='bbox 1275 1090 1337 1167; x_wconf 92' lang='lat' dir='ltr'>ii,</span> <span class='ocrx_word' id='word_1_71' title='bbox 1386 1090 1496 1172; x_wconf 90' lang='lat' dir='ltr'>qui</span> <span class='ocrx_word' id='word_1_72' title='bbox 1525 1093 1884 1168; x_wconf 90' lang='lat' dir='ltr'>monentur,</span> <span class='ocrx_word' id='word_1_73' title='bbox 1932 1109 2073 1154; x_wconf 90' lang='lat' dir='ltr'>eam</span> <span class='ocrx_word' id='word_1_74' title='bbox 2105 1090 2483 1167; x_wconf 77' lang='lat' dir='ltr'>molestiam,</span> <span class='ocrx_word' id='word_1_75' title='bbox 2532 1110 2723 1173; x_wconf 90' lang='lat' dir='ltr'>quam</span> 
     </span>
     <span class='ocr_line' id='line_1_9' title="bbox 261 1196 2724 1280; baseline 0 -19"><span class='ocrx_word' id='word_1_76' title='bbox 261 1196 504 1261; x_wconf 83' lang='lat' dir='ltr'>debent</span> <span class='ocrx_word' id='word_1_77' title='bbox 548 1215 790 1279; x_wconf 78' lang='lat' dir='ltr'>capere,</span> <span class='ocrx_word' id='word_1_78' title='bbox 837 1216 963 1261; x_wconf 91' lang='lat' dir='ltr'>non</span> <span class='ocrx_word' id='word_1_79' title='bbox 1009 1197 1288 1279; x_wconf 89' lang='lat' dir='ltr'>capiunt,</span> <span class='ocrx_word' id='word_1_80' title='bbox 1335 1215 1478 1261; x_wconf 91' lang='lat' dir='ltr'>eam</span> <span class='ocrx_word' id='word_1_81' title='bbox 1525 1198 1804 1280; x_wconf 89' lang='lat' dir='ltr'>capiunt,</span> <span class='ocrx_word' id='word_1_82' title='bbox 1854 1216 1980 1279; x_wconf 92' lang='lat' dir='ltr'>qua</span> <span class='ocrx_word' id='word_1_83' title='bbox 2012 1196 2244 1261; x_wconf 88' lang='lat' dir='ltr'>debent</span> <span class='ocrx_word' id='word_1_84' title='bbox 2274 1216 2531 1261; x_wconf 84' lang='lat' dir='ltr'>vacare:</span> <span class='ocrx_word' id='word_1_85' title='bbox 2580 1216 2724 1280; x_wconf 89' lang='lat' dir='ltr'>pec-</span> 
     </span>
     <span class='ocr_line' id='line_1_10' title="bbox 261 1303 2723 1386; baseline -0 -18"><span class='ocrx_word' id='word_1_86' title='bbox 261 1322 447 1368; x_wconf 82' lang='lat' dir='ltr'>casse</span> <span class='ocrx_word' id='word_1_87' title='bbox 497 1303 665 1367; x_wconf 91' lang='lat' dir='ltr'>enim</span> <span class='ocrx_word' id='word_1_88' title='bbox 699 1322 766 1367; x_wconf 92' lang='lat' dir='ltr'>se</span> <span class='ocrx_word' id='word_1_89' title='bbox 797 1322 924 1367; x_wconf 89' lang='lat' dir='ltr'>non</span> <span class='ocrx_word' id='word_1_90' title='bbox 955 1307 1297 1385; x_wconf 89' lang='lat' dir='ltr'>anguntur,</span> <span class='ocrx_word' id='word_1_91' title='bbox 1345 1304 1662 1386; x_wconf 88' lang='lat' dir='ltr'>obiurgari</span> <span class='ocrx_word' id='word_1_92' title='bbox 1692 1306 1960 1369; x_wconf 75' lang='lat' dir='ltr'>moleste</span> <span class='ocrx_word' id='word_1_93' title='bbox 1992 1303 2240 1377; x_wconf 88' lang='lat' dir='ltr'>ferunt;</span> <span class='ocrx_word' id='word_1_94' title='bbox 2290 1304 2457 1385; x_wconf 88' lang='lat' dir='ltr'>quod</span> <span class='ocrx_word' id='word_1_95' title='bbox 2504 1307 2723 1368; x_wconf 87' lang='lat' dir='ltr'>contra</span> 
     </span>
     <span class='ocr_line' id='line_1_11' title="bbox 261 1410 1945 1493; baseline 0 -20"><span class='ocrx_word' id='word_1_96' title='bbox 261 1411 618 1493; x_wconf 82' lang='lat' dir='ltr'>oportebat,</span> <span class='ocrx_word' id='word_1_97' title='bbox 665 1410 893 1475; x_wconf 86' lang='lat' dir='ltr'>delicto</span> <span class='ocrx_word' id='word_1_98' title='bbox 941 1410 1170 1487; x_wconf 90' lang='lat' dir='ltr'>dolere,</span> <span class='ocrx_word' id='word_1_99' title='bbox 1218 1411 1602 1476; x_wconf 88' lang='lat' dir='ltr'>correctione</span> <span class='ocrx_word' id='word_1_100' title='bbox 1651 1412 1945 1493; x_wconf 85' lang='lat' dir='ltr'>gaudere.</span> 
     </span>
    </p>
   </div>
   <div class='ocr_carea' id='block_1_7' title="bbox 447 1503 2826 1631">
    <p class='ocr_par' dir='ltr' id='par_1_7' title="bbox 447 1503 2826 1631">
     <span class='ocr_line' id='line_1_12' title="bbox 447 1503 2826 1631; baseline -0 -49"><span class='ocrx_word' id='word_1_101' title='bbox 447 1518 540 1583; x_wconf 89' lang='lat' dir='ltr'>Ut</span> <span class='ocrx_word' id='word_1_102' title='bbox 594 1518 793 1600; x_wconf 87' lang='lat' dir='ltr'>igitur</span> <span class='ocrx_word' id='word_1_103' title='bbox 840 1520 905 1581; x_wconf 91' lang='lat' dir='ltr'>et</span> <span class='ocrx_word' id='word_1_104' title='bbox 948 1536 1208 1581; x_wconf 91' lang='lat' dir='ltr'>monere</span> <span class='ocrx_word' id='word_1_105' title='bbox 1256 1520 1320 1582; x_wconf 85' lang='lat' dir='ltr'>et</span> <span class='ocrx_word' id='word_1_106' title='bbox 1365 1518 1610 1582; x_wconf 90' lang='lat' dir='ltr'>moneri</span> <span class='ocrx_word' id='word_1_107' title='bbox 1654 1519 1979 1600; x_wconf 90' lang='lat' dir='ltr'>proprium</span> <span class='ocrx_word' id='word_1_108' title='bbox 2028 1521 2127 1582; x_wconf 89' lang='lat' dir='ltr'>est</span> <span class='ocrx_word' id='word_1_109' title='bbox 2171 1537 2357 1582; x_wconf 83' lang='lat' dir='ltr'>verae</span> <span class='ocrx_word' id='word_1_110' title='bbox 2406 1518 2719 1581; x_wconf 84' lang='lat' dir='ltr'>amicitiae</span> <span class='ocrx_word' id='word_1_111' title='bbox 2742 1503 2826 1631; x_wconf 55' lang='grc' dir='ltr'>Ξῗ</span> 
     </span>
    </p>
   </div>
   <div class='ocr_carea' id='block_1_8' title="bbox 261 1623 2727 2134">
    <p class='ocr_par' dir='ltr' id='par_1_8' title="bbox 261 1623 2727 2134">
     <span class='ocr_line' id='line_1_13' title="bbox 261 1623 2723 1708; baseline 0 -21"><span class='ocrx_word' id='word_1_112' title='bbox 261 1627 336 1687; x_wconf 86' lang='lat' dir='ltr'>et</span> <span class='ocrx_word' id='word_1_113' title='bbox 391 1624 665 1688; x_wconf 89' lang='lat' dir='ltr'>alterum</span> <span class='ocrx_word' id='word_1_114' title='bbox 721 1624 915 1689; x_wconf 88' lang='lat' dir='ltr'>libere</span> <span class='ocrx_word' id='word_1_115' title='bbox 963 1623 1196 1701; x_wconf 87' lang='lat' dir='ltr'>facere,</span> <span class='ocrx_word' id='word_1_116' title='bbox 1256 1643 1381 1687; x_wconf 92' lang='lat' dir='ltr'>non</span> <span class='ocrx_word' id='word_1_117' title='bbox 1433 1643 1682 1707; x_wconf 85' lang='lat' dir='ltr'>aspere,</span> <span class='ocrx_word' id='word_1_118' title='bbox 1744 1626 2015 1689; x_wconf 91' lang='lat' dir='ltr'>alterum</span> <span class='ocrx_word' id='word_1_119' title='bbox 2063 1625 2379 1708; x_wconf 85' lang='lat' dir='ltr'>patienter</span> <span class='ocrx_word' id='word_1_120' title='bbox 2426 1625 2723 1707; x_wconf 78' lang='lat' dir='ltr'>accipere,</span> 
     </span>
     <span class='ocr_line' id='line_1_14' title="bbox 263 1731 2722 1815; baseline 0 -21"><span class='ocrx_word' id='word_1_121' title='bbox 263 1750 398 1794; x_wconf 81' lang='lat' dir='ltr'>non</span> <span class='ocrx_word' id='word_1_122' title='bbox 444 1733 891 1813; x_wconf 86' lang='lat' dir='ltr'>repugnanter,</span> <span class='ocrx_word' id='word_1_123' title='bbox 939 1731 1030 1795; x_wconf 89' lang='lat' dir='ltr'>sic</span> <span class='ocrx_word' id='word_1_124' title='bbox 1075 1731 1440 1796; x_wconf 89' lang='lat' dir='ltr'>habendum</span> <span class='ocrx_word' id='word_1_125' title='bbox 1474 1734 1573 1796; x_wconf 89' lang='lat' dir='ltr'>est</span> <span class='ocrx_word' id='word_1_126' title='bbox 1603 1732 1849 1795; x_wconf 90' lang='lat' dir='ltr'>nullam</span> <span class='ocrx_word' id='word_1_127' title='bbox 1880 1732 1946 1794; x_wconf 91' lang='lat' dir='ltr'>in</span> <span class='ocrx_word' id='word_1_128' title='bbox 1979 1732 2275 1796; x_wconf 87' lang='lat' dir='ltr'>amicitiis</span> <span class='ocrx_word' id='word_1_129' title='bbox 2309 1733 2555 1815; x_wconf 89' lang='lat' dir='ltr'>pestem</span> <span class='ocrx_word' id='word_1_130' title='bbox 2586 1749 2722 1795; x_wconf 86' lang='lat' dir='ltr'>esse</span> 
     </span>
     <span class='ocr_line' id='line_1_15' title="bbox 267 1837 2723 1919; baseline -0 -18"><span class='ocrx_word' id='word_1_131' title='bbox 267 1838 578 1902; x_wconf 89' lang='lat' dir='ltr'>maiorem</span> <span class='ocrx_word' id='word_1_132' title='bbox 626 1856 820 1919; x_wconf 89' lang='lat' dir='ltr'>quam</span> <span class='ocrx_word' id='word_1_133' title='bbox 869 1837 1325 1915; x_wconf 88' lang='lat' dir='ltr'>adulationem,</span> <span class='ocrx_word' id='word_1_134' title='bbox 1370 1838 1779 1915; x_wconf 89' lang='lat' dir='ltr'>blanditiam,</span> <span class='ocrx_word' id='word_1_135' title='bbox 1829 1839 2369 1914; x_wconf 84' lang='lat' dir='ltr'>adsentationem3</span> <span class='ocrx_word' id='word_1_136' title='bbox 2434 1838 2723 1919; x_wconf 85' lang='lat' dir='ltr'>quamvis</span> 
     </span>
     <span class='ocr_line' id='line_1_16' title="bbox 266 1945 2727 2010; baseline 0 -2"><span class='ocrx_word' id='word_1_137' title='bbox 266 1945 444 2008; x_wconf 88' lang='lat' dir='ltr'>enim</span> <span class='ocrx_word' id='word_1_138' title='bbox 505 1945 728 2008; x_wconf 88' lang='lat' dir='ltr'>multis</span> <span class='ocrx_word' id='word_1_139' title='bbox 787 1945 1148 2008; x_wconf 89' lang='lat' dir='ltr'>nominibus</span> <span class='ocrx_word' id='word_1_140' title='bbox 1210 1947 1310 2009; x_wconf 89' lang='lat' dir='ltr'>est</span> <span class='ocrx_word' id='word_1_141' title='bbox 1367 1946 1488 2009; x_wconf 91' lang='lat' dir='ltr'>hoc</span> <span class='ocrx_word' id='word_1_142' title='bbox 1545 1946 1775 2009; x_wconf 83' lang='lat' dir='ltr'>vitium</span> <span class='ocrx_word' id='word_1_143' title='bbox 1834 1945 2187 2010; x_wconf 89' lang='lat' dir='ltr'>notandum</span> <span class='ocrx_word' id='word_1_144' title='bbox 2235 1946 2471 2009; x_wconf 89' lang='lat' dir='ltr'>levium</span> <span class='ocrx_word' id='word_1_145' title='bbox 2524 1945 2727 2009; x_wconf 91' lang='lat' dir='ltr'>homi-</span> 
     </span>
     <span class='ocr_line' id='line_1_17' title="bbox 265 2050 2725 2134; baseline 0 -20"><span class='ocrx_word' id='word_1_146' title='bbox 265 2070 431 2115; x_wconf 80' lang='lat' dir='ltr'>num</span> <span class='ocrx_word' id='word_1_147' title='bbox 493 2053 684 2131; x_wconf 89' lang='lat' dir='ltr'>atque</span> <span class='ocrx_word' id='word_1_148' title='bbox 745 2050 1069 2115; x_wconf 88' lang='lat' dir='ltr'>fallacium</span> <span class='ocrx_word' id='word_1_149' title='bbox 1118 2051 1196 2114; x_wconf 89' lang='lat' dir='ltr'>ad</span> <span class='ocrx_word' id='word_1_150' title='bbox 1245 2052 1641 2116; x_wconf 88' lang='lat' dir='ltr'>voluntatem</span> <span class='ocrx_word' id='word_1_151' title='bbox 1688 2053 2085 2134; x_wconf 85' lang='lat' dir='ltr'>loquentium</span> <span class='ocrx_word' id='word_1_152' title='bbox 2134 2053 2377 2128; x_wconf 88' lang='lat' dir='ltr'>omnia,</span> <span class='ocrx_word' id='word_1_153' title='bbox 2441 2052 2600 2115; x_wconf 89' lang='lat' dir='ltr'>nihil</span> <span class='ocrx_word' id='word_1_154' title='bbox 2648 2052 2725 2115; x_wconf 88' lang='lat' dir='ltr'>ad</span> 
     </span>
    </p>
   </div>
   <div class='ocr_carea' id='block_1_9' title="bbox 270 2157 2814 2240">
    <p class='ocr_par' dir='ltr' id='par_1_9' title="bbox 270 2157 2814 2240">
     <span class='ocr_line' id='line_1_18' title="bbox 270 2157 2814 2240; baseline -0.001 -20"><span class='ocrx_word' id='word_1_155' title='bbox 270 2158 627 2221; x_wconf 80' lang='lat' dir='ltr'>veritatem.</span> <span class='ocrx_word' id='word_1_156' title='bbox 697 2157 859 2223; x_wconf 88' lang='lat' dir='ltr'>Cum</span> <span class='ocrx_word' id='word_1_157' title='bbox 908 2161 1126 2222; x_wconf 91' lang='lat' dir='ltr'>autem</span> <span class='ocrx_word' id='word_1_158' title='bbox 1174 2159 1456 2222; x_wconf 90' lang='lat' dir='ltr'>omnium</span> <span class='ocrx_word' id='word_1_159' title='bbox 1502 2178 1719 2223; x_wconf 86' lang='lat' dir='ltr'>rerum</span> <span class='ocrx_word' id='word_1_160' title='bbox 1760 2159 2079 2223; x_wconf 87' lang='lat' dir='ltr'>simulatio</span> <span class='ocrx_word' id='word_1_161' title='bbox 2114 2159 2339 2222; x_wconf 85' lang='lat' dir='ltr'>vitiosa</span> <span class='ocrx_word' id='word_1_162' title='bbox 2386 2161 2489 2223; x_wconf 89' lang='lat' dir='ltr'>est</span> <span class='ocrx_word' id='word_1_163' title='bbox 2534 2158 2729 2240; x_wconf 86' lang='lat' dir='ltr'>(tollit</span> <span class='ocrx_word' id='word_1_164' title='bbox 2752 2175 2814 2219; x_wconf 82' lang='lat'>92</span> 
     </span>
    </p>
   </div>
   <div class='ocr_carea' id='block_1_10' title="bbox 269 2286 701 2293">
    <p class='ocr_par' dir='ltr' id='par_1_10' title="bbox 269 2286 701 2293">
     <span class='ocr_line' id='line_1_19' title="bbox 269 2286 701 2293; baseline 0 0"><span class='ocrx_word' id='word_1_165' title='bbox 269 2286 701 2293; x_wconf 95' lang='lat' dir='ltr'> </span> 
     </span>
    </p>
   </div>
   <div class='ocr_carea' id='block_1_11' title="bbox 265 2350 1454 4383">
    <p class='ocr_par' dir='ltr' id='par_1_11' title="bbox 265 2350 1450 2508">
     <span class='ocr_line' id='line_1_20' title="bbox 265 2350 1450 2422; baseline -0.002 -16"><span class='ocrx_word' id='word_1_166' title='bbox 265 2352 364 2406; x_wconf 73' lang='lat' dir='ltr'>sed</span> <span class='ocrx_word' id='word_1_167' title='bbox 397 2368 467 2405; x_wconf 77' lang='lat' dir='ltr'>ne</span> <span class='ocrx_word' id='word_1_168' title='bbox 504 2392 516 2403; x_wconf 91' lang='lat'><strong><em>.</em></strong></span> <span class='ocrx_word' id='word_1_169' title='bbox 554 2392 565 2403; x_wconf 93' lang='lat'><strong>.</strong></span> <span class='ocrx_word' id='word_1_170' title='bbox 600 2391 611 2403; x_wconf 91' lang='lat'><strong>.</strong></span> <span class='ocrx_word' id='word_1_171' title='bbox 651 2350 886 2422; x_wconf 82' lang='lat' dir='ltr'>quidem]</span> <span class='ocrx_word' id='word_1_172' title='bbox 936 2351 1129 2421; x_wconf 86' lang='lat' dir='ltr'>„nicht</span> <span class='ocrx_word' id='word_1_173' title='bbox 1173 2354 1310 2405; x_wconf 88' lang='lat' dir='ltr'>etwa</span> <span class='ocrx_word' id='word_1_174' title='bbox 1346 2368 1450 2404; x_wconf 89' lang='lat' dir='ltr'>nur</span> 
     </span>
     <span class='ocr_line' id='line_1_21' title="bbox 269 2440 972 2508; baseline 0 -14"><span class='ocrx_word' id='word_1_175' title='bbox 269 2482 286 2494; x_wconf 84' lang='lat'><strong>.</strong></span> <span class='ocrx_word' id='word_1_176' title='bbox 311 2482 322 2494; x_wconf 87' lang='lat'><strong>.</strong></span> <span class='ocrx_word' id='word_1_177' title='bbox 347 2482 386 2508; x_wconf 91' lang='lat'>.,</span> <span class='ocrx_word' id='word_1_178' title='bbox 425 2441 552 2494; x_wconf 92' lang='lat' dir='ltr'>nein</span> <span class='ocrx_word' id='word_1_179' title='bbox 589 2440 726 2494; x_wconf 90' lang='lat' dir='ltr'>auch</span> <span class='ocrx_word' id='word_1_180' title='bbox 764 2440 972 2494; x_wconf 86' lang='lat' dir='ltr'>nieht“.</span> 
     </span>
    </p>

    <p class='ocr_par' dir='ltr' id='par_1_12' title="bbox 267 2529 1452 3385">
     <span class='ocr_line' id='line_1_22' title="bbox 350 2529 1448 2599; baseline 0.002 -15"><span class='ocrx_word' id='word_1_181' title='bbox 350 2543 431 2585; x_wconf 79' lang='lat'>90.</span> <span class='ocrx_word' id='word_1_182' title='bbox 498 2529 642 2584; x_wconf 82' lang='lat' dir='ltr'>illud</span> <span class='ocrx_word' id='word_1_183' title='bbox 703 2530 944 2598; x_wconf 78' lang='lat' dir='ltr'>Catonis]</span> <span class='ocrx_word' id='word_1_184' title='bbox 1011 2530 1114 2598; x_wconf 87' lang='lat' dir='ltr'><strong>vgl.</strong></span> <span class='ocrx_word' id='word_1_185' title='bbox 1173 2547 1240 2583; x_wconf 93' lang='lat' dir='ltr'>zu</span> <span class='ocrx_word' id='word_1_186' title='bbox 1295 2533 1324 2599; x_wconf 67' lang='grc' dir='ltr'>ξ</span> <span class='ocrx_word' id='word_1_187' title='bbox 1379 2532 1448 2586; x_wconf 80' lang='grc'>26</span> 
     </span>
     <span class='ocr_line' id='line_1_23' title="bbox 267 2619 1446 2689; baseline -0.001 -16"><span class='ocrx_word' id='word_1_188' title='bbox 267 2619 428 2673; x_wconf 82' lang='lat' dir='ltr'>illud.</span> <span class='ocrx_word' id='word_1_189' title='bbox 503 2619 575 2672; x_wconf 85' lang='lat' dir='ltr'>Es</span> <span class='ocrx_word' id='word_1_190' title='bbox 624 2619 695 2672; x_wconf 90' lang='lat' dir='ltr'>ist</span> <span class='ocrx_word' id='word_1_191' title='bbox 740 2619 854 2672; x_wconf 89' lang='lat' dir='ltr'>dies</span> <span class='ocrx_word' id='word_1_192' title='bbox 905 2619 1019 2673; x_wconf 90' lang='lat' dir='ltr'>eins</span> <span class='ocrx_word' id='word_1_193' title='bbox 1065 2620 1220 2688; x_wconf 88' lang='lat' dir='ltr'>jener</span> <span class='ocrx_word' id='word_1_194' title='bbox 1269 2635 1446 2689; x_wconf 90' lang='lat' dir='ltr'>sogen.</span> 
     </span>
     <span class='ocr_line' id='line_1_24' title="bbox 267 2708 1446 2782; baseline 0 -21"><span class='ocrx_word' id='word_1_195' title='bbox 267 2708 422 2762; x_wconf 78' lang='lat' dir='ltr'>diota</span> <span class='ocrx_word' id='word_1_196' title='bbox 459 2709 588 2762; x_wconf 85' lang='lat' dir='ltr'>oder</span> <span class='ocrx_word' id='word_1_197' title='bbox 616 2712 1039 2782; x_wconf 77' lang='grc' dir='ltr'><em>ἀποφθέγματα</em></span> <span class='ocrx_word' id='word_1_198' title='bbox 1069 2709 1291 2763; x_wconf 77' lang='lat' dir='ltr'>Catonis</span> <span class='ocrx_word' id='word_1_199' title='bbox 1321 2709 1446 2779; x_wconf 83' lang='lat' dir='ltr'><strong>(vgl.</strong></span> 
     </span>
     <span class='ocr_line' id='line_1_25' title="bbox 269 2797 1450 2866; baseline -0.001 -15"><span class='ocrx_word' id='word_1_200' title='bbox 269 2800 304 2866; x_wconf 65' lang='grc' dir='ltr'>ξ</span> <span class='ocrx_word' id='word_1_201' title='bbox 331 2801 355 2852; x_wconf 85' lang='grc'>1</span> <span class='ocrx_word' id='word_1_202' title='bbox 383 2797 608 2850; x_wconf 81' lang='lat' dir='ltr'>breviter</span> <span class='ocrx_word' id='word_1_203' title='bbox 623 2802 673 2851; x_wconf 90' lang='lat' dir='ltr'>et</span> <span class='ocrx_word' id='word_1_204' title='bbox 690 2798 958 2851; x_wconf 77' lang='lat' dir='ltr'>commode</span> <span class='ocrx_word' id='word_1_205' title='bbox 975 2797 1158 2866; x_wconf 84' lang='lat' dir='ltr'>dieta),</span> <span class='ocrx_word' id='word_1_206' title='bbox 1179 2798 1264 2852; x_wconf 90' lang='lat' dir='ltr'>die</span> <span class='ocrx_word' id='word_1_207' title='bbox 1285 2798 1450 2852; x_wconf 86' lang='lat' dir='ltr'>sehon</span> 
     </span>
     <span class='ocr_line' id='line_1_26' title="bbox 271 2885 1450 2941; baseline 0 -2"><span class='ocrx_word' id='word_1_208' title='bbox 271 2903 343 2939; x_wconf 83' lang='lat' dir='ltr'>zu</span> <span class='ocrx_word' id='word_1_209' title='bbox 390 2885 602 2940; x_wconf 86' lang='lat' dir='ltr'>Ciceros</span> <span class='ocrx_word' id='word_1_210' title='bbox 640 2886 756 2939; x_wconf 90' lang='lat' dir='ltr'>Zeit</span> <span class='ocrx_word' id='word_1_211' title='bbox 799 2902 894 2940; x_wconf 90' lang='lat' dir='ltr'>aus</span> <span class='ocrx_word' id='word_1_212' title='bbox 944 2886 1130 2940; x_wconf 88' lang='lat' dir='ltr'>seinen</span> <span class='ocrx_word' id='word_1_213' title='bbox 1179 2887 1450 2941; x_wconf 75' lang='lat' dir='ltr'>Schriften</span> 
     </span>
     <span class='ocr_line' id='line_1_27' title="bbox 271 2975 1448 3045; baseline 0.002 -18"><span class='ocrx_word' id='word_1_214' title='bbox 271 2975 385 3027; x_wconf 89' lang='lat' dir='ltr'>und</span> <span class='ocrx_word' id='word_1_215' title='bbox 435 2990 530 3028; x_wconf 89' lang='lat' dir='ltr'>aus</span> <span class='ocrx_word' id='word_1_216' title='bbox 578 2975 944 3043; x_wconf 74' lang='lat' dir='ltr'>personlicher</span> <span class='ocrx_word' id='word_1_217' title='bbox 977 2975 1315 3044; x_wconf 85' lang='lat' dir='ltr'>Erinnerung</span> <span class='ocrx_word' id='word_1_218' title='bbox 1357 2993 1448 3045; x_wconf 88' lang='lat' dir='ltr'>ge-</span> 
     </span>
     <span class='ocr_line' id='line_1_28' title="bbox 271 3063 1451 3130; baseline 0 -12"><span class='ocrx_word' id='word_1_219' title='bbox 271 3063 522 3118; x_wconf 87' lang='lat' dir='ltr'>sammelt</span> <span class='ocrx_word' id='word_1_220' title='bbox 557 3079 753 3130; x_wconf 85' lang='lat' dir='ltr'>waren,</span> <span class='ocrx_word' id='word_1_221' title='bbox 807 3063 906 3116; x_wconf 88' lang='lat' dir='ltr'>wie</span> <span class='ocrx_word' id='word_1_222' title='bbox 944 3064 1080 3117; x_wconf 90' lang='lat' dir='ltr'>auch</span> <span class='ocrx_word' id='word_1_223' title='bbox 1119 3064 1246 3119; x_wconf 88' lang='lat' dir='ltr'>Cato</span> <span class='ocrx_word' id='word_1_224' title='bbox 1284 3064 1451 3118; x_wconf 88' lang='lat' dir='ltr'>selbst</span> 
     </span>
     <span class='ocr_line' id='line_1_29' title="bbox 271 3152 1452 3221; baseline 0.001 -16"><span class='ocrx_word' id='word_1_225' title='bbox 271 3152 362 3206; x_wconf 88' lang='lat' dir='ltr'>die</span> <span class='ocrx_word' id='word_1_226' title='bbox 437 3153 746 3206; x_wconf 77' lang='lat' dir='ltr'>treffenden</span> <span class='ocrx_word' id='word_1_227' title='bbox 810 3153 1154 3221; x_wconf 87' lang='lat' dir='ltr'>Ausspriiohe</span> <span class='ocrx_word' id='word_1_228' title='bbox 1227 3154 1452 3206; x_wconf 87' lang='lat' dir='ltr'>anderer</span> 
     </span>
     <span class='ocr_line' id='line_1_30' title="bbox 271 3241 1452 3311; baseline 0.001 -17"><span class='ocrx_word' id='word_1_229' title='bbox 271 3241 590 3309; x_wconf 87' lang='lat' dir='ltr'>gesammelt</span> <span class='ocrx_word' id='word_1_230' title='bbox 636 3241 798 3295; x_wconf 85' lang='lat' dir='ltr'>hatte.</span> <span class='ocrx_word' id='word_1_231' title='bbox 853 3272 919 3281; x_wconf 86' lang='lat'>—-</span> <span class='ocrx_word' id='word_1_232' title='bbox 965 3246 1028 3294; x_wconf 82' lang='lat' dir='ltr'>ut</span> <span class='ocrx_word' id='word_1_233' title='bbox 1069 3242 1263 3311; x_wconf 77' lang='lat' dir='ltr'>multa]</span> <span class='ocrx_word' id='word_1_234' title='bbox 1316 3242 1452 3308; x_wconf 90' lang='lat' dir='ltr'>„wie</span> 
     </span>
     <span class='ocr_line' id='line_1_31' title="bbox 273 3329 1452 3385; baseline 0.001 -2"><span class='ocrx_word' id='word_1_235' title='bbox 273 3347 333 3383; x_wconf 88' lang='lat' dir='ltr'>so</span> <span class='ocrx_word' id='word_1_236' title='bbox 363 3329 504 3384; x_wconf 84' lang='lat' dir='ltr'>viole</span> <span class='ocrx_word' id='word_1_237' title='bbox 538 3331 844 3384; x_wconf 78' lang='lat' dir='ltr'>andere“.</span> <span class='ocrx_word' id='word_1_238' title='bbox 886 3362 952 3369; x_wconf 94' lang='lat'><strong>—</strong></span> <span class='ocrx_word' id='word_1_239' title='bbox 989 3348 1111 3384; x_wconf 84' lang='lat' dir='ltr'>eam</span> <span class='ocrx_word' id='word_1_240' title='bbox 1146 3330 1452 3385; x_wconf 80' lang='lat' dir='ltr'>molestiam</span> 
     </span>
    </p>

    <p class='ocr_par' dir='ltr' id='par_1_13' title="bbox 273 3418 1454 4383">
     <span class='ocr_line' id='line_1_32' title="bbox 324 3418 1449 3488; baseline 0.001 -17"><span class='ocrx_word' id='word_1_241' title='bbox 324 3461 333 3471; x_wconf 94' lang='lat'><em>.</em></span> <span class='ocrx_word' id='word_1_242' title='bbox 369 3460 380 3471; x_wconf 93' lang='lat'><strong>.</strong></span> <span class='ocrx_word' id='word_1_243' title='bbox 419 3435 534 3472; x_wconf 81' lang='lat' dir='ltr'>mm</span> <span class='ocrx_word' id='word_1_244' title='bbox 570 3418 816 3488; x_wconf 71' lang='lat' dir='ltr'>capiunt]</span> <span class='ocrx_word' id='word_1_245' title='bbox 870 3419 1030 3487; x_wconf 88' lang='lat' dir='ltr'>„sich</span> <span class='ocrx_word' id='word_1_246' title='bbox 1080 3421 1311 3474; x_wconf 85' lang='lat' dir='ltr'>dariiber</span> <span class='ocrx_word' id='word_1_247' title='bbox 1349 3461 1360 3473; x_wconf 91' lang='lat'><strong>.</strong></span> <span class='ocrx_word' id='word_1_248' title='bbox 1393 3460 1404 3472; x_wconf 91' lang='lat'><strong>.</strong></span> <span class='ocrx_word' id='word_1_249' title='bbox 1438 3461 1449 3472; x_wconf 93' lang='lat'><strong>.</strong></span> 
     </span>
     <span class='ocr_line' id='line_1_33' title="bbox 274 3507 1454 3578; baseline 0 -17"><span class='ocrx_word' id='word_1_250' title='bbox 274 3509 432 3562; x_wconf 80' lang='lat' dir='ltr'>keine</span> <span class='ocrx_word' id='word_1_251' title='bbox 497 3507 634 3561; x_wconf 88' lang='lat' dir='ltr'>Pein</span> <span class='ocrx_word' id='word_1_252' title='bbox 696 3508 980 3562; x_wconf 85' lang='lat' dir='ltr'>machen“.</span> <span class='ocrx_word' id='word_1_253' title='bbox 1083 3509 1291 3578; x_wconf 88' lang='lat' dir='ltr'>Wegen</span> <span class='ocrx_word' id='word_1_254' title='bbox 1358 3509 1454 3562; x_wconf 87' lang='grc'>(161·</span> 
     </span>
     <span class='ocr_line' id='line_1_34' title="bbox 273 3586 1453 3666; baseline -0.001 -16"><span class='ocrx_word' id='word_1_255' title='bbox 273 3586 652 3664; x_wconf 68' lang='lat' dir='ltr'>Ubersetzung</span> <span class='ocrx_word' id='word_1_256' title='bbox 713 3597 806 3650; x_wconf 84' lang='lat' dir='ltr'>des</span> <span class='ocrx_word' id='word_1_257' title='bbox 868 3596 994 3666; x_wconf 81' lang='lat' dir='ltr'>folg.</span> <span class='ocrx_word' id='word_1_258' title='bbox 1050 3615 1172 3650; x_wconf 87' lang='lat' dir='ltr'>eam</span> <span class='ocrx_word' id='word_1_259' title='bbox 1225 3597 1453 3666; x_wconf 74' lang='lat' dir='ltr'>capiunt</span> 
     </span>
     <span class='ocr_line' id='line_1_35' title="bbox 276 3685 1450 3755; baseline 0.002 -18"><span class='ocrx_word' id='word_1_260' title='bbox 276 3685 384 3752; x_wconf 87' lang='lat' dir='ltr'>vgl.</span> <span class='ocrx_word' id='word_1_261' title='bbox 415 3702 482 3738; x_wconf 89' lang='lat' dir='ltr'>zu</span> <span class='ocrx_word' id='word_1_262' title='bbox 511 3687 541 3754; x_wconf 65' lang='grc' dir='ltr'><strong>ξ</strong></span> <span class='ocrx_word' id='word_1_263' title='bbox 573 3687 638 3739; x_wconf 91' lang='grc'>19</span> <span class='ocrx_word' id='word_1_264' title='bbox 666 3703 729 3738; x_wconf 73' lang='lat' dir='ltr'>ex</span> <span class='ocrx_word' id='word_1_265' title='bbox 755 3686 1013 3740; x_wconf 75' lang='lat' dir='ltr'>amicitia</span> <span class='ocrx_word' id='word_1_266' title='bbox 1039 3703 1152 3740; x_wconf 77' lang='lat' dir='ltr'>non</span> <span class='ocrx_word' id='word_1_267' title='bbox 1167 3691 1351 3755; x_wconf 79' lang='lat' dir='ltr'>potest.</span> <span class='ocrx_word' id='word_1_268' title='bbox 1383 3717 1450 3724; x_wconf 88' lang='lat'>—-</span> 
     </span>
     <span class='ocr_line' id='line_1_36' title="bbox 273 3774 1454 3844; baseline 0.001 -17"><span class='ocrx_word' id='word_1_269' title='bbox 273 3774 419 3842; x_wconf 83' lang='lat' dir='ltr'>quod</span> <span class='ocrx_word' id='word_1_270' title='bbox 464 3779 652 3827; x_wconf 80' lang='lat' dir='ltr'>eontra</span> <span class='ocrx_word' id='word_1_271' title='bbox 697 3775 982 3844; x_wconf 78' lang='lat' dir='ltr'>oportebat]</span> <span class='ocrx_word' id='word_1_272' title='bbox 1031 3775 1271 3829; x_wconf 75' lang='lat' dir='ltr'>wortlich</span> <span class='ocrx_word' id='word_1_273' title='bbox 1311 3792 1454 3842; x_wconf 86' lang='lat' dir='ltr'>„was</span> 
     </span>
     <span class='ocr_line' id='line_1_37' title="bbox 273 3862 1451 3932; baseline 0.002 -17"><span class='ocrx_word' id='word_1_274' title='bbox 273 3862 593 3932; x_wconf 83' lang='lat' dir='ltr'>umgekehrt</span> <span class='ocrx_word' id='word_1_275' title='bbox 619 3863 735 3917; x_wconf 88' lang='lat' dir='ltr'>sich</span> <span class='ocrx_word' id='word_1_276' title='bbox 760 3863 1081 3932; x_wconf 81' lang='lat' dir='ltr'>gebiihrte“,</span> <span class='ocrx_word' id='word_1_277' title='bbox 1111 3865 1160 3916; x_wconf 87' lang='lat' dir='ltr'>d.</span> <span class='ocrx_word' id='word_1_278' title='bbox 1191 3863 1242 3916; x_wconf 88' lang='lat' dir='ltr'>h.</span> <span class='ocrx_word' id='word_1_279' title='bbox 1274 3864 1451 3931; x_wconf 67' lang='lat' dir='ltr'>„wah-</span> 
     </span>
     <span class='ocr_line' id='line_1_38' title="bbox 277 3948 1449 4022; baseline 0.002 -18"><span class='ocrx_word' id='word_1_280' title='bbox 277 3953 410 4006; x_wconf 91' lang='lat' dir='ltr'>rend</span> <span class='ocrx_word' id='word_1_281' title='bbox 449 3968 506 4006; x_wconf 90' lang='lat' dir='ltr'>es</span> <span class='ocrx_word' id='word_1_282' title='bbox 542 3953 677 4006; x_wconf 92' lang='lat' dir='ltr'>doch</span> <span class='ocrx_word' id='word_1_283' title='bbox 724 3948 1037 4022; x_wconf 82' lang='lat' dir='ltr'>umgekehrt</span> <span class='ocrx_word' id='word_1_284' title='bbox 1085 3952 1201 4006; x_wconf 90' lang='lat' dir='ltr'>sein</span> <span class='ocrx_word' id='word_1_285' title='bbox 1237 3953 1449 4006; x_wconf 78' lang='lat' dir='ltr'>sollte·‘.</span> 
     </span>
     <span class='ocr_line' id='line_1_39' title="bbox 279 4041 1452 4110; baseline 0.002 -16"><span class='ocrx_word' id='word_1_286' title='bbox 279 4041 391 4094; x_wconf 91' lang='lat' dir='ltr'>Der</span> <span class='ocrx_word' id='word_1_287' title='bbox 425 4041 544 4094; x_wconf 89' lang='lat' dir='ltr'>Ind.</span> <span class='ocrx_word' id='word_1_288' title='bbox 583 4042 801 4110; x_wconf 60' lang='lat' dir='ltr'>Imoerf.</span> <span class='ocrx_word' id='word_1_289' title='bbox 839 4043 937 4095; x_wconf 90' lang='lat' dir='ltr'>der</span> <span class='ocrx_word' id='word_1_290' title='bbox 963 4041 1142 4095; x_wconf 87' lang='lat' dir='ltr'>Verba</span> <span class='ocrx_word' id='word_1_291' title='bbox 1175 4042 1269 4096; x_wconf 88' lang='lat' dir='ltr'>des</span> <span class='ocrx_word' id='word_1_292' title='bbox 1306 4042 1452 4096; x_wconf 83' lang='lat' dir='ltr'>Miis-</span> 
     </span>
     <span class='ocr_line' id='line_1_40' title="bbox 277 4130 1454 4187; baseline 0 -3"><span class='ocrx_word' id='word_1_293' title='bbox 277 4146 403 4184; x_wconf 88' lang='lat' dir='ltr'>sens</span> <span class='ocrx_word' id='word_1_294' title='bbox 439 4147 491 4184; x_wconf 92' lang='lat' dir='ltr'>u.</span> <span class='ocrx_word' id='word_1_295' title='bbox 532 4131 784 4185; x_wconf 84' lang='lat' dir='ltr'>K&#39;onnens</span> <span class='ocrx_word' id='word_1_296' title='bbox 821 4130 952 4184; x_wconf 84' lang='lat' dir='ltr'>wird</span> <span class='ocrx_word' id='word_1_297' title='bbox 989 4130 1141 4184; x_wconf 87' lang='lat' dir='ltr'>nicht</span> <span class='ocrx_word' id='word_1_298' title='bbox 1176 4131 1312 4187; x_wconf 84' lang='lat' dir='ltr'>bloss</span> <span class='ocrx_word' id='word_1_299' title='bbox 1348 4148 1454 4185; x_wconf 88' lang='lat' dir='ltr'>von</span> 
     </span>
     <span class='ocr_line' id='line_1_41' title="bbox 275 4219 1453 4288; baseline 0.001 -15"><span class='ocrx_word' id='word_1_300' title='bbox 275 4221 376 4274; x_wconf 91' lang='lat' dir='ltr'>der</span> <span class='ocrx_word' id='word_1_301' title='bbox 412 4219 868 4288; x_wconf 85' lang='lat' dir='ltr'>Vergangenheit,</span> <span class='ocrx_word' id='word_1_302' title='bbox 922 4221 1180 4288; x_wconf 84' lang='lat' dir='ltr'>sondem,</span> <span class='ocrx_word' id='word_1_303' title='bbox 1233 4221 1333 4275; x_wconf 90' lang='lat' dir='ltr'>wie</span> <span class='ocrx_word' id='word_1_304' title='bbox 1380 4221 1453 4274; x_wconf 87' lang='lat' dir='ltr'>im</span> 
     </span>
     <span class='ocr_line' id='line_1_42' title="bbox 279 4307 1452 4383; baseline 0 -21"><span class='ocrx_word' id='word_1_305' title='bbox 279 4307 660 4362; x_wconf 83' lang='lat' dir='ltr'>Grieohisohen</span> <span class='ocrx_word' id='word_1_306' title='bbox 722 4311 864 4375; x_wconf 75' lang='grc' dir='ltr'><strong><em>ἔδει,</em></strong></span> <span class='ocrx_word' id='word_1_307' title='bbox 939 4312 1101 4383; x_wconf 77' lang='grc' dir='ltr'><strong><em>ἐχρῆν</em></strong></span> <span class='ocrx_word' id='word_1_308' title='bbox 1162 4327 1214 4363; x_wconf 90' lang='lat' dir='ltr'>u.</span> <span class='ocrx_word' id='word_1_309' title='bbox 1271 4326 1311 4363; x_wconf 89' lang='lat' dir='ltr'>s.</span> <span class='ocrx_word' id='word_1_310' title='bbox 1369 4327 1452 4378; x_wconf 89' lang='lat' dir='ltr'>w.‚</span> 
     </span>
    </p>
   </div>
   <div class='ocr_carea' id='block_1_12' title="bbox 1554 2352 2731 2866">
    <p class='ocr_par' dir='ltr' id='par_1_14' title="bbox 1554 2352 2731 2866">
     <span class='ocr_line' id='line_1_43' title="bbox 1555 2352 2728 2421; baseline 0 -16"><span class='ocrx_word' id='word_1_311' title='bbox 1555 2352 1691 2405; x_wconf 87' lang='lat' dir='ltr'>auch</span> <span class='ocrx_word' id='word_1_312' title='bbox 1748 2367 1852 2404; x_wconf 88' lang='lat' dir='ltr'>von</span> <span class='ocrx_word' id='word_1_313' title='bbox 1907 2352 2004 2405; x_wconf 87' lang='lat' dir='ltr'>der</span> <span class='ocrx_word' id='word_1_314' title='bbox 2052 2352 2369 2421; x_wconf 84' lang='lat' dir='ltr'>Gegenwart</span> <span class='ocrx_word' id='word_1_315' title='bbox 2420 2352 2728 2421; x_wconf 86' lang='lat' dir='ltr'>gebraucht,</span> 
     </span>
     <span class='ocr_line' id='line_1_44' title="bbox 1554 2441 2728 2496; baseline 0 -2"><span class='ocrx_word' id='word_1_316' title='bbox 1554 2458 1714 2494; x_wconf 89' lang='lat' dir='ltr'>wenn</span> <span class='ocrx_word' id='word_1_317' title='bbox 1778 2441 2152 2495; x_wconf 87' lang='lat' dir='ltr'>ausdriicklich</span> <span class='ocrx_word' id='word_1_318' title='bbox 2216 2443 2530 2496; x_wconf 86' lang='lat' dir='ltr'>bezeichnet</span> <span class='ocrx_word' id='word_1_319' title='bbox 2590 2458 2728 2496; x_wconf 89' lang='lat' dir='ltr'>wer·</span> 
     </span>
     <span class='ocr_line' id='line_1_45' title="bbox 1555 2529 2729 2597; baseline -0.001 -14"><span class='ocrx_word' id='word_1_320' title='bbox 1555 2530 1661 2583; x_wconf 89' lang='lat' dir='ltr'>den</span> <span class='ocrx_word' id='word_1_321' title='bbox 1697 2529 1823 2596; x_wconf 90' lang='lat' dir='ltr'>soll,</span> <span class='ocrx_word' id='word_1_322' title='bbox 1872 2531 1989 2584; x_wconf 80' lang='lat' dir='ltr'>dass</span> <span class='ocrx_word' id='word_1_323' title='bbox 2028 2532 2218 2597; x_wconf 83' lang='lat' dir='ltr'>etwas,</span> <span class='ocrx_word' id='word_1_324' title='bbox 2272 2547 2379 2584; x_wconf 87' lang='lat' dir='ltr'>was</span> <span class='ocrx_word' id='word_1_325' title='bbox 2416 2531 2729 2584; x_wconf 82' lang='lat' dir='ltr'>stattfinden</span> 
     </span>
     <span class='ocr_line' id='line_1_46' title="bbox 1557 2618 2731 2686; baseline 0 -14"><span class='ocrx_word' id='word_1_326' title='bbox 1557 2618 1711 2673; x_wconf 82' lang='lat' dir='ltr'>sollte</span> <span class='ocrx_word' id='word_1_327' title='bbox 1768 2619 1898 2672; x_wconf 91' lang='lat' dir='ltr'>oder</span> <span class='ocrx_word' id='word_1_328' title='bbox 1949 2619 2145 2673; x_wconf 72' lang='lat' dir='ltr'>konnte</span> <span class='ocrx_word' id='word_1_329' title='bbox 2162 2660 2175 2686; x_wconf 90' lang='lat'>,</span> <span class='ocrx_word' id='word_1_330' title='bbox 2240 2620 2294 2672; x_wconf 90' lang='lat' dir='ltr'>in</span> <span class='ocrx_word' id='word_1_331' title='bbox 2358 2620 2731 2673; x_wconf 87' lang='lat' dir='ltr'>Wirklichkeit</span> 
     </span>
     <span class='ocr_line' id='line_1_47' title="bbox 1556 2698 2728 2778; baseline 0.002 -18"><span class='ocrx_word' id='word_1_332' title='bbox 1556 2698 1708 2761; x_wconf 87' lang='lat' dir='ltr'>n&#39;icht</span> <span class='ocrx_word' id='word_1_333' title='bbox 1734 2708 2048 2762; x_wconf 77' lang='lat' dir='ltr'>statffindet.</span> <span class='ocrx_word' id='word_1_334' title='bbox 2080 2740 2147 2746; x_wconf 92' lang='lat'>——</span> <span class='ocrx_word' id='word_1_335' title='bbox 2175 2709 2347 2761; x_wconf 87' lang='lat' dir='ltr'>dolere</span> <span class='ocrx_word' id='word_1_336' title='bbox 2377 2749 2389 2760; x_wconf 93' lang='lat'><strong>.</strong></span> <span class='ocrx_word' id='word_1_337' title='bbox 2408 2749 2418 2760; x_wconf 94' lang='lat'>.</span> <span class='ocrx_word' id='word_1_338' title='bbox 2439 2749 2450 2760; x_wconf 93' lang='lat'><strong>.</strong></span> <span class='ocrx_word' id='word_1_339' title='bbox 2476 2709 2728 2778; x_wconf 65' lang='lat' dir='ltr'>gaudere]</span> 
     </span>
     <span class='ocr_line' id='line_1_48' title="bbox 1559 2796 2666 2866; baseline 0 -16"><span class='ocrx_word' id='word_1_340' title='bbox 1559 2796 1964 2866; x_wconf 85' lang='lat' dir='ltr'>epexegetische</span> <span class='ocrx_word' id='word_1_341' title='bbox 2003 2796 2373 2865; x_wconf 86' lang='lat' dir='ltr'>Bestimmung</span> <span class='ocrx_word' id='word_1_342' title='bbox 2410 2814 2477 2850; x_wconf 93' lang='lat' dir='ltr'>zu</span> <span class='ocrx_word' id='word_1_343' title='bbox 2513 2798 2666 2865; x_wconf 82' lang='lat' dir='ltr'>quod.</span> 
     </span>
    </p>
   </div>
   <div class='ocr_carea' id='block_1_13' title="bbox 1557 2974 2738 4378">
    <p class='ocr_par' dir='ltr' id='par_1_15' title="bbox 1557 2974 2738 4378">
     <span class='ocr_line' id='line_1_49' title="bbox 1640 2974 2729 3043; baseline -0.002 -15"><span class='ocrx_word' id='word_1_344' title='bbox 1640 2975 1787 3042; x_wconf 61' lang='grc' dir='ltr'>Καρ.</span> <span class='ocrx_word' id='word_1_345' title='bbox 1826 2975 1917 3028; x_wconf 76' lang='lat'>25.</span> <span class='ocrx_word' id='word_1_346' title='bbox 1996 2989 2076 3028; x_wconf 82' lang='lat'>91.</span> <span class='ocrx_word' id='word_1_347' title='bbox 2128 2975 2368 3043; x_wconf 83' lang='lat' dir='ltr'>moneri]</span> <span class='ocrx_word' id='word_1_348' title='bbox 2420 2974 2577 3041; x_wconf 88' lang='lat' dir='ltr'>„sich</span> <span class='ocrx_word' id='word_1_349' title='bbox 2628 3015 2641 3026; x_wconf 91' lang='lat'><strong>.</strong></span> <span class='ocrx_word' id='word_1_350' title='bbox 2675 3015 2686 3027; x_wconf 92' lang='lat'>.</span> <span class='ocrx_word' id='word_1_351' title='bbox 2718 3014 2729 3026; x_wconf 91' lang='lat'><strong>.</strong></span> 
     </span>
     <span class='ocr_line' id='line_1_50' title="bbox 1558 3061 2733 3131; baseline -0.002 -15"><span class='ocrx_word' id='word_1_352' title='bbox 1558 3062 1795 3116; x_wconf 78' lang='lat' dir='ltr'>lassen“.</span> <span class='ocrx_word' id='word_1_353' title='bbox 1868 3068 1915 3115; x_wconf 86' lang='lat' dir='ltr'>et</span> <span class='ocrx_word' id='word_1_354' title='bbox 1954 3103 1965 3114; x_wconf 91' lang='lat'><strong>.</strong></span> <span class='ocrx_word' id='word_1_355' title='bbox 2000 3104 2011 3115; x_wconf 92' lang='lat'><strong><em>.</em></strong></span> <span class='ocrx_word' id='word_1_356' title='bbox 2048 3104 2059 3114; x_wconf 89' lang='lat'><em>.</em></span> <span class='ocrx_word' id='word_1_357' title='bbox 2098 3068 2146 3116; x_wconf 86' lang='lat' dir='ltr'>et</span> <span class='ocrx_word' id='word_1_358' title='bbox 2183 3063 2267 3116; x_wconf 92' lang='lat' dir='ltr'>bei</span> <span class='ocrx_word' id='word_1_359' title='bbox 2302 3061 2733 3131; x_wconf 83' lang='lat' dir='ltr'>gleichwertigen</span> 
     </span>
     <span class='ocr_line' id='line_1_51' title="bbox 1561 3151 2732 3220; baseline -0.001 -15"><span class='ocrx_word' id='word_1_360' title='bbox 1561 3153 1924 3220; x_wconf 69' lang='lat' dir='ltr'>Gegensatzen</span> <span class='ocrx_word' id='word_1_361' title='bbox 1952 3151 2052 3204; x_wconf 83' lang='lat' dir='ltr'>wie</span> <span class='ocrx_word' id='word_1_362' title='bbox 2080 3155 2110 3220; x_wconf 67' lang='grc' dir='ltr'>ἓ</span> <span class='ocrx_word' id='word_1_363' title='bbox 2138 3154 2232 3220; x_wconf 81' lang='lat'>843</span> <span class='ocrx_word' id='word_1_364' title='bbox 2271 3153 2365 3205; x_wconf 89' lang='lat' dir='ltr'>das</span> <span class='ocrx_word' id='word_1_365' title='bbox 2392 3152 2553 3204; x_wconf 88' lang='lat' dir='ltr'>dritte</span> <span class='ocrx_word' id='word_1_366' title='bbox 2587 3157 2636 3204; x_wconf 85' lang='lat' dir='ltr'>et</span> <span class='ocrx_word' id='word_1_367' title='bbox 2666 3175 2732 3196; x_wconf 90' lang='lat'><strong><em>=</em></strong></span> 
     </span>
     <span class='ocr_line' id='line_1_52' title="bbox 1561 3241 2730 3310; baseline -0.001 -17"><span class='ocrx_word' id='word_1_368' title='bbox 1561 3241 1714 3308; x_wconf 87' lang='lat' dir='ltr'>„und</span> <span class='ocrx_word' id='word_1_369' title='bbox 1766 3245 1965 3294; x_wconf 77' lang='lat' dir='ltr'>zwar“.</span> <span class='ocrx_word' id='word_1_370' title='bbox 2018 3273 2085 3280; x_wconf 88' lang='lat'>-—</span> <span class='ocrx_word' id='word_1_371' title='bbox 2135 3243 2340 3310; x_wconf 77' lang='lat' dir='ltr'>aspere]</span> <span class='ocrx_word' id='word_1_372' title='bbox 2392 3241 2622 3309; x_wconf 78' lang='lat' dir='ltr'>„grob“.</span> <span class='ocrx_word' id='word_1_373' title='bbox 2664 3273 2730 3279; x_wconf 96' lang='lat'><strong>—</strong></span> 
     </span>
     <span class='ocr_line' id='line_1_53' title="bbox 1559 3331 2733 3399; baseline 0 -17"><span class='ocrx_word' id='word_1_374' title='bbox 1559 3331 1643 3383; x_wconf 82' lang='lat' dir='ltr'>sic</span> <span class='ocrx_word' id='word_1_375' title='bbox 1692 3331 1997 3383; x_wconf 79' lang='lat' dir='ltr'>habendum</span> <span class='ocrx_word' id='word_1_376' title='bbox 2044 3332 2140 3399; x_wconf 79' lang='lat' dir='ltr'>est]</span> <span class='ocrx_word' id='word_1_377' title='bbox 2192 3346 2251 3383; x_wconf 92' lang='lat' dir='ltr'>so</span> <span class='ocrx_word' id='word_1_378' title='bbox 2305 3331 2447 3384; x_wconf 69' lang='lat' dir='ltr'>muss</span> <span class='ocrx_word' id='word_1_379' title='bbox 2500 3346 2625 3382; x_wconf 88' lang='lat' dir='ltr'>man</span> <span class='ocrx_word' id='word_1_380' title='bbox 2676 3345 2733 3383; x_wconf 88' lang='lat' dir='ltr'>es</span> 
     </span>
     <span class='ocr_line' id='line_1_54' title="bbox 1559 3418 2731 3486; baseline 0 -16"><span class='ocrx_word' id='word_1_381' title='bbox 1559 3418 1726 3472; x_wconf 85' lang='lat' dir='ltr'>damit</span> <span class='ocrx_word' id='word_1_382' title='bbox 1760 3434 1819 3471; x_wconf 88' lang='lat' dir='ltr'>so</span> <span class='ocrx_word' id='word_1_383' title='bbox 1856 3418 2054 3486; x_wconf 76' lang='lat' dir='ltr'>holten,</span> <span class='ocrx_word' id='word_1_384' title='bbox 2094 3419 2280 3486; x_wconf 70' lang='lat' dir='ltr'>„muts</span> <span class='ocrx_word' id='word_1_385' title='bbox 2317 3436 2441 3472; x_wconf 86' lang='lat' dir='ltr'>man</span> <span class='ocrx_word' id='word_1_386' title='bbox 2476 3419 2731 3472; x_wconf 82' lang='lat' dir='ltr'>wissen“.</span> 
     </span>
     <span class='ocr_line' id='line_1_55' title="bbox 1557 3506 2734 3577; baseline 0.001 -18"><span class='ocrx_word' id='word_1_387' title='bbox 1557 3506 1670 3560; x_wconf 89' lang='lat' dir='ltr'>Das</span> <span class='ocrx_word' id='word_1_388' title='bbox 1743 3507 1840 3560; x_wconf 85' lang='lat' dir='ltr'>mit</span> <span class='ocrx_word' id='word_1_389' title='bbox 1909 3513 1970 3560; x_wconf 80' lang='lat' dir='ltr'>ut</span> <span class='ocrx_word' id='word_1_390' title='bbox 2040 3508 2581 3577; x_wconf 84' lang='lat' dir='ltr'>korrespondierende</span> <span class='ocrx_word' id='word_1_391' title='bbox 2651 3507 2734 3560; x_wconf 81' lang='lat' dir='ltr'>sic</span> 
     </span>
     <span class='ocr_line' id='line_1_56' title="bbox 1560 3597 2731 3665; baseline 0 -17"><span class='ocrx_word' id='word_1_392' title='bbox 1560 3597 1757 3650; x_wconf 72' lang='lat' dir='ltr'>musste</span> <span class='ocrx_word' id='word_1_393' title='bbox 1786 3612 1881 3650; x_wconf 89' lang='lat' dir='ltr'>aus</span> <span class='ocrx_word' id='word_1_394' title='bbox 1906 3597 2321 3665; x_wconf 88' lang='lat' dir='ltr'>euphonischem</span> <span class='ocrx_word' id='word_1_395' title='bbox 2351 3597 2565 3650; x_wconf 89' lang='lat' dir='ltr'>Grunde</span> <span class='ocrx_word' id='word_1_396' title='bbox 2601 3597 2731 3649; x_wconf 77' lang='lat' dir='ltr'>fort·</span> 
     </span>
     <span class='ocr_line' id='line_1_57' title="bbox 1560 3685 2735 3753; baseline 0.001 -16"><span class='ocrx_word' id='word_1_397' title='bbox 1560 3685 1744 3738; x_wconf 80' lang='lat' dir='ltr'>fallen.</span> <span class='ocrx_word' id='word_1_398' title='bbox 1768 3717 1834 3724; x_wconf 93' lang='lat'><strong>—</strong></span> <span class='ocrx_word' id='word_1_399' title='bbox 1855 3687 2239 3753; x_wconf 77' lang='lat' dir='ltr'>adulationem,</span> <span class='ocrx_word' id='word_1_400' title='bbox 2269 3686 2613 3752; x_wconf 76' lang='lat' dir='ltr'>blanditiam,</span> <span class='ocrx_word' id='word_1_401' title='bbox 2636 3685 2735 3738; x_wconf 79' lang='lat' dir='ltr'>ad-</span> 
     </span>
     <span class='ocr_line' id='line_1_58' title="bbox 1559 3774 2733 3845; baseline -0.002 -17"><span class='ocrx_word' id='word_1_402' title='bbox 1559 3774 1935 3845; x_wconf 81' lang='lat' dir='ltr'>sentationem]</span> <span class='ocrx_word' id='word_1_403' title='bbox 1958 3776 2192 3843; x_wconf 88' lang='lat' dir='ltr'>„immer</span> <span class='ocrx_word' id='word_1_404' title='bbox 2208 3776 2477 3842; x_wconf 83' lang='lat' dir='ltr'>kriechen,</span> <span class='ocrx_word' id='word_1_405' title='bbox 2506 3774 2733 3829; x_wconf 88' lang='lat' dir='ltr'>schmei-</span> 
     </span>
     <span class='ocr_line' id='line_1_59' title="bbox 1563 3864 2732 3934; baseline 0.001 -17"><span class='ocrx_word' id='word_1_406' title='bbox 1563 3864 1738 3931; x_wconf 85' lang='lat' dir='ltr'>cheln,</span> <span class='ocrx_word' id='word_1_407' title='bbox 1775 3864 1830 3932; x_wconf 82' lang='lat' dir='ltr'>J&#39;a</span> <span class='ocrx_word' id='word_1_408' title='bbox 1866 3869 2087 3933; x_wconf 86' lang='lat' dir='ltr'>sagen‘¹·.</span> <span class='ocrx_word' id='word_1_409' title='bbox 2127 3897 2195 3905; x_wconf 90' lang='lat'>—-</span> <span class='ocrx_word' id='word_1_410' title='bbox 2234 3865 2485 3934; x_wconf 81' lang='lat' dir='ltr'>quamvis</span> <span class='ocrx_word' id='word_1_411' title='bbox 2521 3865 2732 3934; x_wconf 79' lang='lat' dir='ltr'>multis]</span> 
     </span>
     <span class='ocr_line' id='line_1_60' title="bbox 1565 3953 2733 4024; baseline 0.002 -19"><span class='ocrx_word' id='word_1_412' title='bbox 1565 3953 1706 4020; x_wconf 86' lang='lat' dir='ltr'>„mit</span> <span class='ocrx_word' id='word_1_413' title='bbox 1732 3953 1873 4008; x_wconf 82' lang='lat' dir='ltr'>allen</span> <span class='ocrx_word' id='word_1_414' title='bbox 1906 3954 2205 4022; x_wconf 74' lang='lat' dir='ltr'>moglichen</span> <span class='ocrx_word' id='word_1_415' title='bbox 2219 3958 2267 4006; x_wconf 84' lang='lat'>“.</span> <span class='ocrx_word' id='word_1_416' title='bbox 2308 3986 2374 3993; x_wconf 93' lang='lat'><strong>—</strong></span> <span class='ocrx_word' id='word_1_417' title='bbox 2412 3956 2733 4024; x_wconf 75' lang='lat' dir='ltr'>notandum]</span> 
     </span>
     <span class='ocr_line' id='line_1_61' title="bbox 1563 4043 2734 4110; baseline 0.001 -15"><span class='ocrx_word' id='word_1_418' title='bbox 1563 4060 1676 4110; x_wconf 90' lang='lat' dir='ltr'>„zu</span> <span class='ocrx_word' id='word_1_419' title='bbox 1713 4043 2160 4098; x_wconf 79' lang='lat' dir='ltr'>brandmarken“.</span> <span class='ocrx_word' id='word_1_420' title='bbox 2209 4075 2277 4083; x_wconf 86' lang='lat'>—-</span> <span class='ocrx_word' id='word_1_421' title='bbox 2324 4044 2523 4097; x_wconf 72' lang='lat' dir='ltr'>levium</span> <span class='ocrx_word' id='word_1_422' title='bbox 2560 4045 2734 4097; x_wconf 74' lang='lat' dir='ltr'>homi-</span> 
     </span>
     <span class='ocr_line' id='line_1_62' title="bbox 1560 4132 2734 4202; baseline 0.001 -18"><span class='ocrx_word' id='word_1_423' title='bbox 1560 4149 1699 4185; x_wconf 77' lang='lat' dir='ltr'>num</span> <span class='ocrx_word' id='word_1_424' title='bbox 1745 4134 1867 4202; x_wconf 88' lang='lat' dir='ltr'>etc.]</span> <span class='ocrx_word' id='word_1_425' title='bbox 1918 4132 2242 4202; x_wconf 82' lang='lat' dir='ltr'>Apposition.</span> <span class='ocrx_word' id='word_1_426' title='bbox 2301 4164 2367 4171; x_wconf 94' lang='lat'><strong>—</strong></span> <span class='ocrx_word' id='word_1_427' title='bbox 2424 4134 2499 4186; x_wconf 82' lang='lat' dir='ltr'>ad</span> <span class='ocrx_word' id='word_1_428' title='bbox 2550 4133 2734 4187; x_wconf 73' lang='lat' dir='ltr'>volun-</span> 
     </span>
     <span class='ocr_line' id='line_1_63' title="bbox 1561 4223 2738 4295; baseline 0 -21"><span class='ocrx_word' id='word_1_429' title='bbox 1561 4226 1725 4275; x_wconf 78' lang='lat' dir='ltr'>tatem</span> <span class='ocrx_word' id='word_1_430' title='bbox 1779 4223 1898 4292; x_wconf 67' lang='lat' dir='ltr'>loq]</span> <span class='ocrx_word' id='word_1_431' title='bbox 1966 4248 2030 4267; x_wconf 92' lang='lat'>=</span> <span class='ocrx_word' id='word_1_432' title='bbox 2098 4226 2232 4295; x_wconf 84' lang='grc' dir='ltr'><em>πρὸς</em></span> <span class='ocrx_word' id='word_1_433' title='bbox 2296 4225 2501 4290; x_wconf 78' lang='grc' dir='ltr'><em>ἡδονὴν</em></span> <span class='ocrx_word' id='word_1_434' title='bbox 2563 4227 2738 4292; x_wconf 75' lang='grc' dir='ltr'><em>λέγειν</em></span> 
     </span>
     <span class='ocr_line' id='line_1_64' title="bbox 1564 4311 2401 4378; baseline -0.001 -15"><span class='ocrx_word' id='word_1_435' title='bbox 1564 4311 1747 4378; x_wconf 85' lang='lat' dir='ltr'>„nach</span> <span class='ocrx_word' id='word_1_436' title='bbox 1783 4312 1904 4365; x_wconf 90' lang='lat' dir='ltr'>dem</span> <span class='ocrx_word' id='word_1_437' title='bbox 1941 4311 2139 4365; x_wconf 85' lang='lat' dir='ltr'>Munde</span> <span class='ocrx_word' id='word_1_438' title='bbox 2178 4311 2401 4364; x_wconf 79' lang='lat' dir='ltr'>1·eden“.</span> 
     </span>
    </p>
   </div>
  </div>
 </body>
</html>
